1704 2620
377 150 619 190 lusam-A
649 145 897 188 APTERA.
926 146 1100 189 Aranea.
1284 157 1363 202 ¹09

433 256 535 297 Hah.
567 258 606 297 in
635 259 804 310 Europae
834 256 1008 297 ericetis.

432 309 548 363 Dese.
601 311 716 362 Palpi
765 310 934 364 aequales
953 341 966 360 ‚
1007 311 1188 364 puncstum
1237 309 1368 353 rufum

485 368 536 406 ad
568 365 672 406 basin
703 366 921 406 abdominis
963 366 1067 406 inter
1093 367 1369 407 extremitates

486 421 680 461 linearum
727 422 900 460 albarum
950 420 1170 460 lateralium
1221 422 1373 461 conni-

484 486 644 516 ventes.
687 476 791 515 Rete
835 474 1116 524 horizontale,
1157 475 1326 527 sparsum
1352 506 1371 525 ,

485 530 630 583 absque
646 541 784 583 puteo.
802 528 959 570 Aranea
989 529 1056 569 sub
1079 530 1157 570 reti
1175 531 1216 570 in
1234 531 1368 571 medio

486 585 728 637 quiescente.

435 637 528 690 Obs.
563 642 809 680 Aranearum
837 639 986 693 species
1015 639 1175 689 luridae,
1201 640 1370 694 ingratae

489 708 564 735 nec
582 694 710 734 adhuc
721 696 798 734 rite
810 696 1096 738 determinatae.-
1114 695 1342 735 Varietates
1356 725 1372 746 ‚

486 749 809 800 metamorphosis
846 750 883 788 ὅ(
913 749 1026 787 sexus
1063 749 1197 800 plures
1238 750 1370 791 adhuc

483 804 721 842 reducendae
738 832 749 851 ‚
777 812 818 842 at
840 815 985 842 nomen
1019 803 1095 841 viri
1121 805 1170 842 de
1202 803 1369 844 seientia

484 856 589 896 bene
618 858 748 897 meriti
774 858 814 896 in
839 856 1120 910 Entomologia
1139 857 1367 908 deleretur;

485 912 648 951 nomina
702 912 807 951 enim
860 911 947 952 haec
989 912 1162 952 trivialia
1208 914 1367 953 minime

481 965 657 1019 placent.
687 965 779 1008 Fab.

130 1077 319 1121 Clerckii.
356 1083 418 1129 51.
451 1076 506 1116 A.
540 1078 556 1127 (
581 1075 618 1116 la
641 1076 823 1126 Clerck)
853 1076 1062 1117 abdomine
1089 1076 1365 1129 sniumundo,

487 1131 640 1171 duobus
658 1132 816 1184 paribus
832 1133 1062 1185 punc‘ioruin
1080 1131 1366 1184 impressorum.

428 1185 529 1226 Hah.
557 1188 595 1226 in
632 1189 819 1239 Europa,
855 1187 960 1226 inter
991 1185 1086 1225 folia
1127 1187 1367 1238 plantarum.

429 1241 546 1291 Desit.
582 1244 688 1282 Duas
719 1241 844 1281 lineas
876 1241 1009 1295 longa.
1043 1241 1159 1290 Palpi
1179 1242 1365 1293 aequales.

483 1296 690 1335 Abdomen
714 1295 936 1336 villosulum
952 1325 965 1346 ,
986 1295 1121 1335 subtus
1143 1297 1193 1335 ad
1218 1296 1367 1337 lentem

482 1351 730 1393 sublividum.

105 1462 329 1518 Malpighii.
360 1469 423 1515 52.
456 1463 509 1502 A.
541 1465 559 1514 (
588 1462 624 1502 la
652 1461 889 1516 Malpighi)
927 1460 1051 1514 palpis
1089 1460 1254 1501 clavatis
1288 1474 1366 1514 pe·-

483 1517 635 1556 tiolatis
647 1546 659 1564 ‚
675 1518 828 1568 petiolo
850 1517 1070 1555 abdominis
1087 1516 1337 1569 longitudine
1352 1546 1368 1568 ,

483 1571 651 1610 maxillis
671 1572 803 1625 longis
818 1601 830 1619 ‚
857 1569 1035 1620 falcatis,
1058 1570 1257 1611 tenuibus.

429 1625 531 1665 Hab.
560 1627 599 1665 in
627 1629 795 1678 Europae
832 1626 1024 1665 domibus.

429 1680 544 1730 Desc.
582 1679 694 1719 Oculi
731 1681 849 1719 medii
891 1682 1012 1719 antici
1044 1680 1372 1732 protuberantes.

485 1734 692 1774 Abdomen
727 1745 891 1774 ovatum
927 1734 1105 1783 fuscum,
1152 1736 1367 1786 villosum,

487 1791 639 1842 punc'lis
671 1801 697 1841 4
723 1789 862 1829 albidis
879 1818 891 1836 ‚
920 1789 1108 1828 obsoletis
1128 1819 1141 1838 ‚
1180 1791 1367 1847 longitu-

481 1845 652 1885 dinalem
690 1845 828 1884 seriem
863 1843 1112 1884 facientibus.
1137 1845 1260 1885 Pedes
1289 1845 1370 1886 vil-

482 1899 551 1940 losi
572 1931 584 1951 ,
614 1899 842 1953 pallidiores
862 1928 875 1949 ,
901 1899 1095 1953 geniculis
1125 1897 1256 1941 fuscis.

102 2011 317 2056 Schaefferi.
348 2019 415 2066 33.
447 2011 500 2051 A.
535 2013 552 2061 (
578 2009 615 2049 la
641 2007 858 2059 Scheffer)
906 2008 1125 2049 fusco-rufa
1145 2039 1156 2056 ‚
1189 2011 1367 2064 thoracis

489 2063 785 2116 abdominisque
816 2063 1006 2103 lateribus
1036 2064 1189 2106 albidis.

424 2119 524 2161 Hah.
553 2121 589 2159 in
624 2122 792 2172 Europae
819 2120 1042 2172 gramineis.

423 2175 540 2226 Defi.
586 2174 701 2224 Palpi
737 2173 922 2226 aequales.
968 2172 1174 2213 Abdomen
1211 2176 1364 2216 oblon«

479 2244 604 2286 gum,
631 2229 772 2279 subtus
816 2227 1252 2282 fusco—ferrugineum,
1294 2232 1365 2272 su-

481 2298 606 2339 perne
647 2283 780 2337 paullo
821 2282 1054 2328 obscur-im,
1087 2283 1192 2323 linea
1231 2285 1361 2328 albida

481 2354 504 2381 a
549 2339 621 2379 basi
664 2340 712 2377 ad
751 2338 902 2390 apicem
936 2349 1188 2379 excurrente.
1233 2340 1359 2381 Pedes

482 2393 770 2442 fuscescentes,
800 2390 936 2444 pilosi5
961 2393 1093 2444 postici
1120 2392 1243 2435 lineas
1267 2396 1362 2453 8.-9
