1704 2620
356 115 438 168 '300
576 122 1091 163 ILLUSTRA‘MONES.
1121 119 1360 174 Cerambyx.

733 235 851 284 nigro
879 229 1019 271 colore
1046 229 1230 284 insignes.
1260 228 1422 269 Thorax
1460 229 1580 270 ruber
1604 237 1621 276 ,’

732 284 924 334 villosus,
964 284 1043 324 basi
1084 286 1275 338 apiceq-ue
1310 284 1447 337 nigris.
1471 285 1616 338 Elytra

733 341 848 394 nigra
890 340 1236 394 longitudinaliter
1276 339 1491 391 punitam,
1536 353 1620 379 non

733 405 866 435 tamen
898 394 1045 435 striata.
1081 394 1178 434 Alae
1210 393 1444 447 fuliginosae.
1480 396 1620 434 Penus

732 451 903 503 nigrum.
938 449 1146 489 Abdomen
1177 449 1338 489 rubrum
1358 478 1370 496 ‚
1407 448 1541 488 subtus
1569 450 1619 488 ad

732 505 838 544 basin
864 505 1016 544 macula
1038 518 1099 544 ma
1129 517 1178 544 na
1204 505 1331 558 nigra.
1350 503 1476 543 Pedes
1493 503 1620 544 rubri.

679 558 775 600 fab.
804 560 966 615 saperda
992 569 1040 613 13
1117 559 1244 610 antzffl

421 689 608 728 Ferreus.
642 693 704 735 52.
735 686 782 724 C.
814 685 927 736 Deflt.
959 685 1094 726 Ρεᾶιιε
1115 685 1405 738 scutellumque
1423 685 1551 725 albida
1571 698 1622 726 ex

735 739 851 782 villo.
875 741 1024 795 Elytra
1050 742 1279 783 inordinate
1312 741 1511 794 punctam.

374 864 614 920 Silphoides.
648 873 710 918 54.
739 866 788 906 C.
831 863 958 914 Desc.'
981 864 1284 918 Cylindraceus.
1314 864 1354 903 T
1350 867 1476 905 lzorax
1506 867 1620 905 iner-

731 923 805 960 mis
824 950 837 966 ‚
873 919 968 959 ferri
998 919 1170 968 colore3
1210 921 1258 958 ad
1288 923 1494 974 regionem
1529 921 1623 960 scu-

734 974 822 1016 teni
855 975 1009 1016 macula
1045 975 1189 1028 exigua
1231 974 1349 1024 alba,
1393 986 1471 1015 tam
1511 976 1623 1015 vici·-

733 1030 839 1069 niam
861 1029 1037 1069 thoracis
1055 1059 1068 1078 ,
1095 1041 1210 1080 quam
1244 1029 1465 1082 elytrorum
1491 1043 1622 1081 occu-

732 1098 857 1138 pam,
880 1098 930 1124 ex
949 1084 1055 1124 villis
1089 1083 1188 1123 albis
1215 1094 1318 1123 orta.
1335 1085 1476 1137 Elycra
1490 1098 1620 1136 punc-

733 1149 849 1188 tam,
886 1140 1038 1192 punitis
1070 1139 1110 1178 in
1148 1139 1274 1179 lineas
1313 1139 1627 1193 longitudinales

741 1194 957 1248 dispositis,
976 1207 1059 1234 non
1083 1203 1215 1234 tamen
1234 1194 1593 1246 punetatodineata
1613 1223 1625 1240 ‚

733 1250 849 1289 lineis
875 1249 1069 1289 subternis
1106 1249 1147 1287 in
1175 1248 1328 1303 singulo
1360 1249 1495 1302 elytro
1538 1249 1624 1288 ele·

733 1304 977 1344 vatiusculis.
990 1303 1199 1343 Abdomen
1213 1334 1224 1351 ‚
1242 1315 1355 1344 certo
1373 1304 1444 1343 sltu
1462 1305 1620 1343 luminis

735 1359 933 1412 respectu,
959 1359 1145 1399 canescit.
1163 1357 1325 1398 Femora
1341 1360 1472 1398 antica
1499 1359 1618 1411 usque

735 1416 784 1453 ud
817 1416 967 1467 apicem
995 1429 1016 1455 e
1043 1414 1174 1454 medio
1197 1415 1235 1454 &
1260 1414 1368 1453 tibiae
1402 1415 1505 1454 ultra
1528 1429 1618 1456 me-

737 1470 843 1510 dium
874 1469 986 1510 fulvo
1019 1468 1159 1510 colore
1191 1470 1381 1523 gaudent.

388 1598 613 1641 Tremulus.
646 1605 708 1650 55.
740 1601 786 1640 C.
830 1598 944 1649 Defi.
998 1600 1157 1639 Statura
1204 1610 1285 1638 cer.
1325 1596 1508 1649 populei,
1554 1598 1619 1638 cui

735 1654 853 1695 valde
907 1653 1047 1695 affinis.
1100 1653 1304 1693 Antennoe
1353 1652 1576 1693 mediocres
1602 1679 1619 1701 ,

733 1711 988 1764 longitudine
1015 1710 1209 1762 corporiS.

680 1765 832 1820 Schaeffi
868 1766 968 1806 icon.
1009 1778 1041 1806 t.
1071 1775 1163 1805 101.
1196 1765 1236 1817 f.
1267 1775 1304 1804 Ι.

349 1875 713 1931 Ferrugineus.56.
745 1877 792 1916 C.
820 1874 934 1924 Defi.
962 1873 1147 1914 Delenda
1188 1873 1274 1913 haec
1307 1873 1493 1926 species;
1529 1885 1618 1914 nam

732 1931 948 1984 cerambyx
973 1930 1230 1969 cantharinus
1265 1929 1382 1969 Linn.

375 2041 602 2084 Testaceus.
639 2050 699 2094 57.
733 2043 780 2082 C.
809 2035 926 2091 Dese.
944 2040 1410 2095 Antennaelongitudine
1438 2040 1619 2092 corporis

735 2099 874 2150 nigrae.
910 2095 1057 2147 Corpus
1102 2106 1232 2137 totum
1260 2097 1446 2150 nigrum,
1477 2097 1617 2151 elytris

730 2153 823 2192 solis
848 2150 1042 2193 testaceis.

372 2263 600 2307 violaceus.
639 2262 699 2314 58.
733 2264 781 2303 C.
827 2261 942 2312 Defi.
977 2250 1134 2302 Sta‘tura
1175 2263 1213 2303 ὅ(
1262 2263 1494 2317 magnitudo
1531 2276 1613 2302 cer.

734 2318 950 2371 cylindrici.
969 2319 1166 2357 Antennae
1183 2319 1306 2372 nigrae
1321 2349 1333 2368 ‚
1357 2330 1526 2371 corpore
1552 2318 1618 2356 vix

735 2374 955 2429 longioreS.
1001 2371 1163 2414 Thorax
1207 2375 1479 2425 rotundatas,
1525 2371 1621 2413 sub-
