1704 2620
265 129 386 174 cxciv
499 130 632 173 lon.
672 130 949 173 cnnxsr.
987 126 1322 174 manen

266 240 472 282 Antennis
526 242 576 283 ad
620 251 770 295 genera
815 238 1089 296 distinguenda
1131 242 1248 284 nimis
1291 236 1543 285 adhaeserunt

320 295 587 338 antecessores
613 306 752 337 omnes
772 323 786 344 ,
827 296 1043 348 generibus
1068 306 1203 339 tamen
1230 297 1384 351 semper
1409 311 1541 352 appo-

320 353 463 393 nendae
486 380 498 399 ,
535 364 653 404 quum
686 349 850 404 systema
888 349 1102 393 facilitent.
1158 355 1204 395 In
1238 352 1500 408 lepidopteris
1522 381 1539 400 ,

321 406 539 449 neceffario
571 404 806 446 adhibendae
832 404 926 445 'sunt
965 416 1153 448 antennae
1183 437 1198 457 ‚
1238 421 1358 461 quum
1394 420 1544 463 genera

315 461 510 504 naturalis
537 459 655 514 hujus
687 459 811 501 claffis
840 459 1072 503 difficillime
1097 464 1436 506 determinentur.

779 568 919 611 Canon
952 581 1017 612 12.

253 681 586 735 Metamorphosis
629 682 786 738 quidem
834 696 1035 737 nunquam
1076 682 1235 736 generis
1288 681 1547 724 charaderem

310 739 500 789 constituit
532 736 717 791 nulloque
745 738 858 777 modo
895 740 1070 789 pra-bere
1098 737 1211 778 valet
1239 767 1252 789 ,
1294 753 1412 792 quum
1443 739 1546 779 claa-

312 796 479 834 raderes
521 794 571 831 ab
613 793 741 842 insedi
776 792 939 845 perfec‘z‘i
978 794 1167 844 partibus
1201 822 1215 841 ,
1265 808 1342 833 non
1387 807 1477 834 vero
1518 807 1545 834 a

312 848 533 889 mutatione
563 847 680 887 varia
704 845 902 897 struffurae
927 846 1073 897 defizmi
1098 849 1282 888 debeant.

259 904 393 946 Probe
441 912 576 943 tamen
617 901 869 943 observanda
919 901 973 942 est
1014 900 1345 956 metamorphosis
1368 931 1384 954 ,
1427 915 1547 956 quum

313 959 421 998 viam
447 957 593 997 rectam
625 958 674 996 ad
697 965 881 996 naturam
907 957 1044 997 ducat.

259 1010 476 1053 charada
520 1010 575 1051 est
617 1009 802 1050 definitio
843 1011 1004 1065 generis
1048 1011 1158 1064 isque
1200 1009 1352 1065 triplex
1398 1012 1515 1052 datur
1534 1041 1550 1065 ‚

315 1065 516 1114 factitius,
544 1063 766 1105 ess'entialis
799 1065 838 1105 δι
870 1064 1079 1106 naturalis.

263 1119 507 1161 Chara&ere
523 1119 716 1173 generico
744 1119 998 1174 distinguitur
1025 1133 1153 1175 genus
1184 1133 1207 1161 a
1225 1119 1388 1175 reliquis
1412 1122 1551 1163 omni-

319 1175 424 1226 bus,
455 1188 549 1216 cum
578 1173 816 1216 definitione
848 1176 942 1216 ideo
973 1177 1185 1217 convenit.

264 1230 496 1283 Effintiaiis
532 1239 670 1270 notam
700 1230 859 1284 generis
893 1230 998 1276 soli,
1030 1232 1100 1272 cui
1134 1230 1359 1285 applicatur
1392 1259 1406 1282 ,
1445 1246 1551 1286 pro-

321 1287 449 1341 priam
479 1286 518 1326 &
547 1284 782 1339 singularem
814 1284 1054 1326 administrat
1080 1314 1094 1332 ,
1130 1294 1175 1325 ut
1211 1299 1338 1340 genus
1368 1300 1463 1327 mox
1498 1288 1548 1328 ab

320 1340 505 1382 omnibus
535 1339 698 1393 reliquis
731 1340 905 1393 ejusdem
922 1342 1075 1381 ordinis
1104 1341 1296 1380 naturalis
1324 1341 1549 1396 distinguat.

320 1398 507 1450 Optimus
534 1394 592 1435 est
618 1395 823 1437 character
849 1394 1063 1438 essentialis
1085 1425 1100 1448 ,
1127 1392 1366 1446 facillimus,
1407 1406 1450 1437 at
1480 1398 1551 1438 vix

320 1452 469 1507 ubique
494 1450 701 1506 poffibilis.
1014 1492 1017 1494 .

785 1505 924 1548 Canon
957 1516 1022 1562 13.

272 1606 481 1660 charadbr
508 1618 726 1670 effentialis
762 1633 837 1674 quo
874 1618 1032 1659 brevior
1065 1648 1080 1671 ,
1122 1633 1194 1675 quo
1228 1616 1433 1671 dzstindior
1467 1633 1511 1660 eo
1531 1647 1548 1669 ,

324 1676 476 1715 cae‘teris
499 1676 663 1726 paribus
679 1703 694 1723 ,
723 1675 985 1726 praestantior.

269 1728 481 1771 Chai-ader
517 1730 703 1783 faditius
745 1743 872 1783 genus
917 1730 966 1770 ab
1012 1729 1098 1770 aliis
1141 1729 1354 1784 generibus
1391 1730 1549 1782 quidem

325 1796 482 1826 tantum
527 1786 678 1825 ordinis
729 1784 948 1826 artificialis
994 1785 1211 1839 distinguit.
1280 1786 1347 1824 Ad
1398 1797 1547 1838 genera

328 1841 433 1881 intra
453 1841 642 1881 ordinem
675 1841 896 1881 naturalem
928 1839 1199 1894 distinguenda
1242 1838 1394 1879 affumit
1428 1848 1548 1879 notas

327 1904 396 1935 aut
420 1897 637 1948 'pauciores
671 1904 740 1935 aut
766 1893 900 1949 plures
934 1925 947 1945 ‚
994 1903 1112 1948 quum
1154 1904 1298 1935 contra
1333 1894 1550 1943 effentialis

327 1960 425 1990 nota
456 1950 572 1989 unica
609 1963 756 2002 genera
789 1952 838 1990 ab
870 1951 1055 1991 omnibus
1093 1949 1254 2002 reliquis
1296 1947 1364 1988 sub
1404 1950 1547 1989 eodem

323 2007 470 2046 ordine
495 2004 666 2044 naturali
692 2005 954 2045 militantibus
982 2005 1198 2059 distinguit.
1231 2002 1433 2044 Effentiali
1452 2001 1548 2044 ideo

325 2060 449 2114 longe
492 2058 789 2112 'postponendus
838 2074 913 2101 nec
955 2070 1127 2113 unquam
1162 2058 1409 2100 assumendus
1443 2058 1548 2099 cha·-

326 2116 452 2156 taeter
476 2114 693 2168 fudiciam,
724 2115 790 2154 ubi
819 2114 1031 2154 essentialis
1061 2115 1204 2156 adduci
1236 2112 1377 2168 potest.
1431 2160 1439 2162 ,

272 2170 489 2210 Charaster
503 2169 684 2223 faHitius
709 2169 900 2210 effentiali
921 2171 1044 2223 magis
1064 2169 1261 2222 generalis
1283 2168 1391 2208 omni
1411 2167 1549 2222 generi

323 2224 571 2278 applicabilis
605 2253 619 2274 ,
673 2223 886 2267 essentialis
921 2237 1020 2264 vero
1064 2225 1105 2263 in
1151 2224 1285 2264 multis
1335 2222 1548 2276 generibus

325 2283 456 2320 adnue
477 2279 619 2320 deficit
638 2309 650 2328 ,
684 2289 722 2319 e.
753 2279 815 2334 gr.
843 2281 884 2319 in
909 2279 1172 2333 lepidopteris
1200 2280 1270 2319 vix
1302 2278 1516 2318 eruendus.

325 2389 424 2439 Obfi‘
461 2391 507 2430 In
536 2388 719 2431 omnibus
750 2405 796 2430 os
827 2389 964 2443 lingua
994 2387 1125 2442 spirali
1156 2386 1357 2443 palpisque
1401 2383 1544 2439 absque
