1704 2620
375 134 620 174 INSECTA
652 133 901 174 APTERA.
935 133 1078 175 Pulex3
1311 140 1365 188 43

472 244 712 297 persicaria,
773 242 936 291 cotula,
993 244 1102 284 alno.
1160 242 1268 284 Oves
1323 260 1368 284 eo

479 300 765 350 destituuntur;
804 300 952 349 lepores
993 299 1164 338 maxime
1207 300 1369 340 obnoxii

476 355 637 408 ideoque
694 367 873 394 ramento
933 355 1145 404 vestimenti
1200 355 1369 406 leporini

479 411 630 460 capitur
664 411 696 448 ὅ·
725 410 922 449 avertitur
955 424 978 448 a
1008 409 1258 449 Dalekarlis.

422 466 554 504 Larva
579 465 702 515 apoda
721 494 734 511 ‚
767 465 889 504 cauda
920 465 1104 518 bifizrca,
1135 477 1213 505 net.
1232 467 1371 518 Pupa,

476 521 665 571 pedatu,
708 519 934 559 immobilis.
975 522 1068 560 Mas
1092 521 1165 570 fid>
1199 520 1372 574 famina

476 575 690 627 jungitur,
721 575 850 626 affinis
883 575 1122 627 hemipterz'S.

426 627 544 679 Defc.
581 628 784 668 Antennae
827 628 912 669 fere
954 629 1192 681 filiformes,
1240 631 1374 684 capite

484 686 553 724 vix
579 684 802 738 longiores.
839 683 966 734 Caput
1003 686 1224 733 circulare,
1264 686 1376 726 late-

480 738 619 778 raliter
669 736 903 789 depressum.
950 738 1063 778 Oculi
1107 742 1147 780 in
1195 741 1375 782 cavitate

481 791 638 832 laterali
656 792 787 845 positi.
803 791 954 843 Corpus
973 793 1153 834 incisuris
1171 795 1375 847 plurimis,

487 859 652 899 quarum
685 847 808 900 prima
841 846 1019 888 thoracis
1065 849 1199 890 locum
1244 860 1376 891 tenet.

481 902 609 941 Pedes
653 903 874 942 anteriores
911 905 1033 956 capiti
1076 905 1219 960 ligati,
1268 906 1378 959 quod

483 956 578 997 huic
608 957 756 997 infesto
783 959 1001 1011 proprium.
1041 960 1090 1000 D.
1123 961 1168 1000 de
1203 960 1319 1003 Geer.

386 1013 389 1017 '
429 1011 521 1063 obfi
565 1023 600 1052 1.
644 1015 775 1052 Larva
811 1015 939 1066 apoda
977 1016 1129 1057 erravit
1165 1017 1286 1071 igitur
1317 1015 1377 1059 D.

482 1066 607 1121 Geoffi
635 1069 674 1107 in
697 1069 799 1108 nidis
816 1098 828 1116 ,
855 1069 1044 1122 imprimis
1073 1071 1345 1113 columbarum
1363 1101 1379 1123 ,

485 1122 810 1175 frequentiffima.
840 1127 899 1164 Ex
927 1138 1012 1165 ovo
1039 1128 1088 1166 ad
1121 1126 1260 1167 statum
1286 1141 1380 1181 per-

483 1178 627 1219 fecium
665 1180 750 1219 die-s
792 1180 938 1233 viginti
980 1189 1154 1232 quatuor
1195 1192 1379 1236 tempore

483 1234 636 1274 aestivo.
667 1235 734 1274 Ad
756 1235 1091 1287 metamorphofin
1118 1246 1224 1277 terra
1253 1249 1379 1292 eget,

484 1290 578 1330 inde
603 1290 645 1329 in
675 1289 844 1330 sordidis
879 1290 1073 1331 cubiculis
1105 1292 1293 1332 abundat.
1321 1295 1377 1334 V.

433 1343 524 1396 obs.
558 1357 597 1386 2.
626 1346 740 1386 Vidit
764 1345 884 1384 etiam
914 1345 971 1384 D.
997 1345 1111 1398 Scap.
1142 1348 1183 1388 in
1210 1349 1380 1403 tuguriis

483 1399 682 1455 pastorum
703 1400 858 1440 summis
881 1400 921 1440 in
939 1400 1123 1453 Alpibus.
1148 1405 1379 1457 Extirpatur

487 1456 692 1508 frequenti
707 1455 941 1508 scopatione
956 1487 968 1506 ‚
988 1456 1095 1497 foliis
1113 1458 1192 1498 alni
1210 1472 1380 1499 eorum-

488 1523 567 1564 que
585 1511 777 1558 ἁεεοέὶο,
802 1510 976 1550 lavando
1001 1511 1103 1564 saepe
1128 1513 1245 1553 strata
1266 1514 1380 1554 cubi-

467 1566 583 1606 *lium
607 1566 645 1605 ὅ(
667 1565 859 1605 lectorum
883 1564 1024 1606 lixivio
1052 1568 1228 1607 cinerum
1269 1567 1380 1608 satu-

487 1621 655 1660 ratiore.
695 1620 810 1660 Vidit
851 1620 970 1659 etiam
1013 1622 1054 1661 in
1093 1622 1231 1663 sciuris
1254 1653 1267 1672 ,
1311 1622 1379 1664 sed

486 1674 706 1715 sciurorum
748 1674 869 1727 pulex
908 1674 1101 1730 longior,
1149 1677 1339 1734 gracilior
1359 1707 1379 1734 ‚

491 1730 658 1771 attentis
689 1729 1040 1784 proportionibus,
1106 1740 1129 1768 .·

649 2053 912 2126 Q&
