1704 2620
331 127 834 182 ItLusrRAnonn's.
865 136 1014 179 Eiater.
1220 147 1297 192 329

67 251 71 258 ¹
114 249 299 290 Advena.
329 245 399 294 6ὸ.

424 254 469 292 Ε.
513 251 627 301 Dese.
672 249 830 290 Thorax
874 248 1070 297 villosus,
1119 248 1303 287 antennis

423 305 557 361 paullo
609 307 786 346 brevior.
846 303 1032 357 Elytrum
1087 301 1260 341 striatum
1290 331 1306 351 ,

427 360 652 400 viliosulum
688 389 700 406 ,
746 359 848 399 striis·
886 359 1032 398 binatis
1068 358 1305 405 excavatis,

427 428 504 454 nna
543 415 748 454 solitaria:
792 413 919 467 hujus>
948 413 1061 453 color
1096 412 1309 464 dupliciter

427 469 526 509 sumi
554 469 707 522 potest,
752 469 820 509 vei
847 469 951 508 enim
987 451 1106 515 talis&
1154 465 1308 516 qualem

430 525 543 569 dixi,
580 524 647 564 vel
673 523 858 563 universo
885 524 1004 563 modo
1025 552 1037 571 ‚
1061 534 1201 574 nempe
1227 519 1310 560 cas-

427 588 601 625 taneus,
649 579 760 631 apice
813 578 890 618 basi
939 576 1134 629 fasciaque
1181 575 1310 616 media

429 636 602 687 repanda
637 633 832 673 testaceis.

105 760 294 802 Istriacus.
326 759 392 802 61.
421 761 537 810 Dese.
572 759 771 798 Antennae
801 734 1108 810 sub-peffiiiatffi
1144 758 1313 798 thorace

105 1598 307 1649 Degener.
338 1594 403 1637 62.

427 814 548 866 duplo
578 813 797 866 longiores,
818 810 945 865 Caput
972 814 1125 866 nigrum
1144 841 1157 859 ‚
1188 811 1316 851 oculis

426 865 675 920 prominulis.
730 864 978 912 Thoraxpin
1023 866 1156 905 medio
1199 878 1313 917 aeque

428 923 533 962 latus
576 935 622 962 ac
660 921 834 976 longus,
869 920 978 961 sulco
1005 919 1316 974 iongitudinali,

424 977 577 1031 postice
609 977 714 1016 inter
752 973 920 1030 angulos
955 978 1142 1015 dentatos
1174 975 1317 1029 nigre-

432 1034 525 1072 dine
586 1031 827 1084 inquinatus.
878 1029 1091 1070 Scutellum
1144 1031 1318 1083 nigrum.

431 1082 629 1139 Elytrutn⁴
647 1085 841 1139 punctulis
880 1085 1074 1139 congestis
1107 1084 1283 1125 scabrum
1305 1113 1320 1133 ,

431 1142 538 1181 inter
565 1155 650 1193 quae
675 1141 758 1180 villi
785 1141 897 1193 parvi
925 1140 1209 1181 adscendentes
1229 1151 1321 1192 pro-

432 1197 582 1243 deunt3
613 1197 715 1235 idem
745 1195 869 1235 tribus
898 1195 1014 1235 lineis
1047 1195 1216 1234 elevatis
1242 1206 1319 1246 pa·-

431 1250 581 1290 rallelis
620 1249 966 1303 longitudinaliter
1013 1249 1186 1289 striarum
1222 1248 1275 1288 est
1304 1276 1318 1293 ‚

432 1306 612 1358 margine
644 1315 816 1357 utroque
851 1303 1036 1356 cujusque
1063 1303 1179 1343 lineae
1198 1316 1321 1343 exca-

431 1369 528 1398 vata
566 1359 716 1399 lineola*
749 1368 905 1398 notato.
945 1359 1180 1398 Abdominis
1219 1370 1323 1410 apex

432 1414 567 1454 ruber.
602 1413 750 1464 Corpus
791 1413 926 1453 subtus
962 1413 1158 1465 pedesque
1184 1413 1320 1465 nigri,

435 1469 570 1508 nitore
598 1467 732 1520 aliquo
758 1466 897 1508 lucidi.

433 1598 480 1635 E.
513 1594 627 1644 Dese.
652 1594 811 1634 Statura
835 1596 880 1634 E.
900 1595 1117 1646 fiznguinez'.
1148 1595 1186 1634 A
1205 1594 1324 1635 sociis

436 1663 534 1691 vere
585 1651 759 1702 degener
779 1677 789 1694 ‚
841 1648 892 1688 ob
937 1649 1113 1690 thoracis
1153 1649 1324 1704 angulos

439 1704 612 1759 posticos
650 1705 921 1752 rotundatos,
962 1717 1043 1744 non
1078 1717 1179 1745 vero
1215 1706 1321 1744 den-

436 1768 559 1799 tatos.
581 1756 705 1798 Totus
731 1759 844 1811 niger
864 1759 901 1798 &
916 1757 1102 1808 villosus,
1122 1771 1319 1799 antennas

437 1815 542 1867 gerit
568 1814 749 1852 dentatas
766 1843 779 1862 ,
806 1812 973 1853 thorace
999 1814 1323 1868 vixjongiores.

435 1867 603 1906 Thorax
651 1868 692 1907 in
738 1867 987 1908 latitudinem
1018 1869 1162 1922 ·magis
1207 1881 1323 1921 quam

434 1920 724 1976 longitudinem
768 1921 967 1963 extensus.
994 1922 1180 1976 Elytrum
1208 1923 1324 1963 stria-

437 1986 554 2026 tum‚
601 1975 699 2017 striis
731 1987 808 2026 12,
853 1977 1059 2018 valleculis
1105 1977 1324 2030 interjectis

439 2032 649 2085 punftatis.
670 2030 816 2082 Corpus
833 2031 967 2071 subtus
992 2033 1148 2074 modice
1174 2034 1322 2073 nitens.

437 2088 588 2126 Puncta
621 2085 724 2126 flava
744 2088 784 2125 in
808 2086 974 2127 thorace
1001 2087 1077 2127 tria
1096 2118 1109 2137 ,
1141 2089 1183 2126 in
1216 2101 1323 2140 quo-

439 2141 540 2181 libet
566 2140 700 2194 elytro
721 2142 811 2181 οέὶο
830 2141 982 2182 alterna
998 2172 1011 2192 ,
1047 2142 1289 2182 subrotunda
1307 2172 1320 2191 ,

438 2208 564 2236 aureo
595 2195 734 2236 colore
753 2228 765 2245 ,
792 2210 875 2237 non
906 2210 1007 2237 vero
1034 2197 1166 2237 nitore
1183 2227 1194 2246 ‚
1221 2210 1324 2250 prae-

378 2251 384 2256 '
437 2252 558 2300 dita,
614 2250 774 2303 aequalis
823 2252 1140 2306 magnitudinis,
1200 2254 1322 2292 unico

439 2315 613 2357 excepto
647 2334 660 2351 ,
718 2319 857 2360 nempe
908 2307 1043 2347 antico
1098 2306 1320 2359 penultimo

439 2371 565 2414 prope
595 2361 812 2413 marginem
841 2361 1072 2404 interiorem
1103 2360 1321 2403 collocato.
