1704 2620
464 78 709 119 INSEcTA
740 77 990 116 APTERA.
1021 73 1248 117 Pediculus.

617 187 788 228 sustorio
810 185 1046 226 instructum.
1071 188 1275 238 Utrinque
1299 187 1347 225 ad
1375 184 1500 227 latera

610 243 754 297 capitis
795 240 904 281 oculi
947 242 1119 293 minuti,
1163 241 1300 294 nigri;
1339 242 1376 281 &
1408 251 1502 282 ante

610 299 686 338 hos
722 305 906 337 antennae
925 325 938 345 ,
965 310 1048 336 non
1080 296 1180 336 nihil
1216 294 1450 335 abludentes
1480 308 1502 335 a

614 353 743 393 forma
761 353 801 390 in
819 351 898 390 hoc
916 364 1064 403 genere
1083 351 1300 399 consueta3
1324 349 1505 390 constant

609 406 789 447 articulis
819 405 946 444 tribus
963 434 977 452 ‚
1012 405 1154 446 ultimo
1182 405 1293 458 apice
1320 404 1506 444 craffius-

609 461 718 502 culo.
765 460 937 499 Primum
983 461 1205 501 abdominis
1259 459 1505 514 segmentum

609 519 629 566 (
648 515 794 556 thorax
811 515 829 564 )
867 513 1165 567 angustiffimum
1185 544 1197 561 ‚
1232 514 1506 554 subrotunda-

610 581 721 619 tum,
748 569 814 609 sed
837 568 986 622 postice
1009 569 1216 608 dilatatum
1235 570 1272 609 ὅ(
1290 570 1361 609 vix
1380 568 1506 608 sensi-

609 626 743 666 biliter
770 623 959 663 trilobum
982 638 994 673 3
1033 622 1112 664 hoc
1144 624 1293 676 excipit
1321 623 1506 676 segmen-

607 689 694 719 tum
726 678 833 718 aliud
868 678 986 718 latius
1005 709 1017 727 ,
1043 678 1108 717 sed
1142 678 1306 717 brevius
1339 679 1506 729 priore,

607 744 696 774 tum
716 733 912 772 abdomen
931 733 1127 785 reliquum
1147 742 1328 772 ovatum.
1344 732 1469 770 Pedes
1488 761 1504 779 ,

612 790 680 841 qui
721 801 859 828 omnes
910 788 1042 840 primis
1092 787 1211 840 paulo
1259 796 1353 826 ante
1396 787 1507 826 dietis

608 843 823 897 segmentis
861 841 979 881 adfixi
1015 841 1103 882 sunt
1128 872 1141 891 ,
1169 841 1349 881 articulis
1378 841 1506 881 tribus

610 898 822 947 constant,
869 910 1036 949 quorum
1076 897 1295 950 postremus
1341 897 1507 948 oblique

610 961 819 993 truncatus
845 954 956 1004 apice
984 966 1127 992 uncum
1150 951 1342 1004 insignem
1364 951 1506 991 habet.

609 1008 799 1049 Inseeium
851 1006 942 1046 satis
991 1007 1156 1060 pilosum
1178 1036 1190 1055 ‚
1246 1006 1313 1046 sed
1369 1006 1468 1045 nulli
1495 1033 1509 1051 ‚

611 1062 749 1102 saltem
782 1074 881 1114 quos
911 1075 987 1115 ego
1010 1060 1188 1101 vidiffem
1208 1090 1221 1110 ,
1256 1061 1297 1100 in
1325 1061 1505 1100 articulis

612 1117 769 1156 duobus
814 1116 1032 1156 abdominis
1075 1116 1207 1169 primis
1231 1145 1243 1165 ‚
1293 1114 1508 1168 praesertim

612 1173 662 1210 ad
692 1171 816 1210 latera
845 1171 1083 1225 singulorum
1120 1170 1417 1225 segmentorum
1438 1184 1510 1209 re·-

612 1225 811 1278 liquorum
841 1226 1060 1265 abdominis
1104 1225 1173 1278 pili
1211 1227 1290 1264 duo
1340 1225 1509 1264 sublon-

612 1282 747 1334 giores
780 1281 1053 1332 adproximati.
1083 1280 1238 1328 Color,
1274 1289 1317 1319 ut
1355 1281 1394 1318 in
1429 1277 1509 1319 hoc

614 1349 763 1388 genere
782 1335 993 1375 consuetus
1020 1335 1094 1381 est,
1114 1334 1280 1374 albidus.
1305 1337 1348 1373 In
1367 1335 1500 1386 capite

613 1389 767 1430 macula
792 1390 987 1442 palpitans
1017 1391 1150 1440 (cor)
1181 1388 1477 1429 obscuriuscula
1496 1419 1509 1437 ,

616 1444 853 1484 subcordata
870 1475 882 1494 ‚
934 1446 971 1485 ὅ(
1012 1455 1204 1497 praeterea
1256 1443 1371 1483 lineae
1420 1446 1508 1482 duae

617 1499 940 1552 longitudinales.
971 1500 1180 1538 Abdomen
1203 1497 1331 1537 fasciis
1357 1511 1505 1539 novem

621 1554 917 1594 obscurioribus
945 1553 1193 1594 transversis.
1230 1552 1374 1592 Enum.

297 1670 433 1710 Bovis.
464 1678 506 1722 7.
536 1667 583 1707 P.
616 1664 635 1715 (
661 1664 712 1703 du
753 1665 951 1713 taureau)
981 1663 1099 1703 bovis
1139 1663 1269 1710 tauri,
1308 1660 1508 1702 abdomine

628 1720 744 1757 lineis
771 1720 999 1770 transversis
1040 1717 1116 1757 οέἶο
1143 1717 1403 1769 ferrugineis.

568 1774 661 1815 Fab.
685 1785 726 1823 7.

570 1830 699 1869 Faun.
734 1828 865 1868 Fridr.
898 1844 938 1868 n.
964 1826 1058 1880 803.

574 1884 674 1923 Hah.
708 1884 747 1922 in
779 1883 922 1923 bobus.
955 1883 1122 1922 Pellitur
1156 1882 1323 1922 deco&o
1356 1880 1435 1922 ledi
1473 1883 1512 1924 ὅ(

630 1938 710 1978 sedi
743 1939 859 1978 acris.

573 1992 693 2043 Dese.
724 1992 849 2032 Totus
872 1991 1012 2040 albus,
1044 1991 1239 2031 minimus.
1279 1990 1404 2042 Caput
1435 1991 1514 2031 tes-

633 2059 804 2088 taceum.
856 2047 981 2086 Pedes
1028 2047 1217 2095 testacei,
1263 2047 1375 2098 apice
1415 2046 1515 2086 albi-

633 2104 781 2142 diores.
816 2101 1021 2141 Abdomen
1066 2101 1223 2148 album,
1270 2100 1383 2140 lineis
1422 2102 1513 2140 odio

631 2157 811 2197 testaceis
838 2156 1064 2196 transversis
1091 2157 1131 2195 in
1161 2154 1304 2200 dorso,
1342 2156 1513 2208 quinque

634 2211 761 2252 fasciis
780 2211 1006 2251 transversis
1022 2213 1062 2250 in
1081 2220 1224 2250 ventre
1237 2239 1249 2258 ,
1268 2223 1354 2262 quae
1377 2222 1516 2250 omnes

635 2267 750 2306 lineae
769 2279 850 2305 non
865 2276 1032 2320 tangunt
1051 2266 1264 2319 marginem
1283 2266 1347 2303 seu
1365 2264 1514 2313 latera3

639 2322 766 2362 latera
782 2330 913 2362 tamen
931 2321 1158 2365 obscuriora
1175 2320 1329 2373 reliquo
1347 2331 1515 2373 corpore
