1704 2620
325 85 569 128 Insnc‘rA
600 85 850 129 Aruina.
879 86 1055 131 Acar-usi
1248 91 1313 158 75

381 195 520 248 Beytr.
553 194 759 241 Zur-„nat⁸
786 212 828 248 p.
858 206 924 238 11.

378 249 478 292 Hah.
507 252 548 291 in
583 253 722 293 alauda
747 252 914 296 arvenfi.

50 356 372 414 Graminumffz.
406 363 458 403 A.
492 363 509 412 (
535 363 603 402 des
644 362 864 416 gramine'es
892 363 911 412 )
960 360 1070 402 rufus
1091 392 1102 412 ,
1153 361 1318 415 pedibus

435 418 549 470 primi
581 421 683 470 paris
710 418 934 472 longiffimis
951 449 963 468 ‚
994 417 1203 459 abdomine
1229 417 1321 472 pos-

435 473 515 512 tice
544 484 725 514 cremato,

377 525 519 578 Beytr.
553 526 648 568 Zur.
678 539 762 568 nar,
793 544 827 579 p.
857 526 898 567 8.

378 581 480 623 Hah.
509 582 549 625 in
576 584 795 636 graminum
820 582 956 636 foliis3
984 596 1032 625 ea
1062 582 1276 627 maculans.

52 688 265 738 Appendix-
294 699 361 744 73.
393 692 446 732 A.
479 691 866 744 (l'appendicuie'e)
907 693 1164 748 subglobosus
1201 695 1318 735 cine-

76 744 244 791 Galenus,
429 759 519 785 reus
548 774 560 794 ‚
607 746 773 798 pedibus
823 747 955 801 longis
1009 749 1282 802 pallidioribus
1302 779 1318 800 ,

432 799 591 851 posticis
628 800 892 855 longioribus.
1054 805 1057 812 '

376 853 477 894 Hah.
509 853 575 893 sub
604 854 761 895 lichene
785 856 1036 909 pulmonario
1062 859 1205 899 rarior.

376 908 493 956 Deft.
523 912 631 949 Inter
659 910 829 962 majores
864 911 920 952 sui
953 915 1111 967 generis
1129 945 1140 963 ‚
1168 913 1321 968 giob00·

428 963 517 1012 suS,
551 965 857 1012 cinnabarinus,
887 970 1034 1010 nitens.
1061 970 1186 1009 Pedes
1224 983 1321 1023 gra-

432 1018 528 1058 ciles
558 1048 570 1068 ,
623 1020 767 1073 longi,
820 1035 992 1074 corpore
1039 1025 1270 1077 paliidiores
1302 1040 1316 1076 3

431 1075 560 1123 postici
611 1074 771 1127 reiiquis
814 1078 1048 1119 notabiliter
1096 1079 1319 1131 longiores.

431 1131 520 1169 Huc
549 1128 667 1181 usque
687 1160 698 1177 ,
728 1132 786 1170 uti
817 1131 939 1173 oculo
969 1134 1110 1173 inermi
1138 1136 1317 1187 adparet.

381 1183 448 1226 Ad
474 1183 621 1225 lentem
653 1199 790 1236 corpus
824 1186 915 1226 satis
947 1188 1142 1239 pilosum,
1183 1189 1318 1230 amice

433 1239 593 1287 rostrum
609 1268 623 1286 ,
659 1241 766 1292 quod
791 1239 876 1281 fere
904 1242 1009 1282 intra
1030 1244 1216 1283 abdomen
1238 1243 1319 1284 ali-

435 1305 512 1345 qua
543 1293 598 1333 sui
624 1305 736 1347 parte
767 1297 1018 1337 reconditum
1044 1300 1225 1349 videtur3
1267 1299 1318 1341 ad

433 1347 560 1389 latera
589 1349 703 1389 rostri
732 1362 915 1390 antennoe
950 1353 1156 1407 inaequalis
1189 1355 1320 1395 struc-

433 1411 534 1444 turae
552 1434 564 1453 ‚
594 1418 669 1444 nec
687 1435 699 1451 ,
731 1416 774 1445 ut
799 1406 840 1445 in
869 1406 956 1446 aliis
983 1409 1158 1457 infesti&
1184 1409 1318 1450 secum.

433 1457 589 1500 similes.
610 1461 751 1503 Earum
775 1473 874 1510 una,
896 1462 994 1502 tubo
1021 1464 1207 1506 theatrali
1232 1477 1317 1504 non

433 1513 639 1562 abffinilis,
678 1516 854 1556 articulis
890 1517 1015 1556 tribus
1054 1519 1235 1563 constat,
1265 1531 1316 1558 ex

434 1568 573 1619 quibus
616 1569 760 1620 primus
809 1570 997 1610 articulus
1041 1572 1316 1626 cylindricus,

430 1622 533 1662 alter
563 1621 768 1666 fufiformis
785 1653 798 1673 ,
825 1625 1038 1678 acutusque
1069 1627 1122 1667 est
1141 1642 1151 1677 ;
1171 1629 1314 1678 subtus

433 1676 585 1716 adfixus
603 1679 638 1718 ei
657 1678 709 1718 est
726 1680 866 1719 tertius
883 1681 1072 1722 articulus
1087 1713 1099 1731 ‚
1123 1682 1150 1723 s.
1171 1695 1316 1736 corpus

430 1741 627 1782 ovatum,
670 1744 714 1772 ut
751 1732 836 1775 fere
878 1735 919 1774 in
969 1737 1023 1776 A.
1067 1737 1313 1789 holosericam.

430 1785 624 1826 Ameana
673 1788 799 1828 altera
852 1789 1097 1832 claviformis
1144 1794 1197 1834 est
1215 1823 1226 1843 ‚
1282 1793 1312 1833 s.

427 1855 567 1891 corpus
595 1852 759 1884 ovatum
787 1843 950 1885 crassum
978 1846 1132 1899 petiolo
1163 1846 1314 1902 angus-

434 1897 531 1936 riori
547 1897 714 1938 insidens
726 1929 737 1947 ‚
756 1898 889 1940 subtus
908 1913 1079 1954 corpore
1096 1902 1166 1943 ilio
1185 1913 1313 1944 ovato

431 1951 672 1995 destitutum.
707 1952 897 1993 Ameana
930 1965 1097 2009 utraque
1123 1958 1213 2000 satis
1245 1961 1314 2012 pi-

432 2005 513 2050 losa
530 2036 541 2055 ‚
569 2007 656 2059 pilis
685 2008 845 2049 aculeos
871 2013 1179 2061 mentientibus,
1205 2016 1312 2066 quod

433 2062 485 2101 de
511 2061 599 2114 pilis
634 2076 791 2115 quoque
822 2066 962 2117 pedum
985 2069 1022 2108 ὅ(
1044 2070 1092 2108 de
1131 2070 1177 2109 iis
1195 2099 1206 2118 ‚
1243 2071 1311 2122 qui

429 2129 502 2169 per
536 2130 681 2171 corpus
725 2118 838 2172 sparsi
873 2119 962 2160 sunt
983 2153 994 2172 ,
1031 2124 1153 2164 valet.
1182 2125 1309 2165 Pedes

431 2171 608 2212 'articulis
658 2172 725 2214 sex
773 2174 983 2227 constant,
1020 2192 1185 2231 quorum
1229 2184 1311 2222 duo

430 2226 585 2279 priores
611 2227 817 2270 breviores
848 2233 961 2271 ovati
993 2247 1002 2272 :
1046 2235 1185 2286 reliqui
1211 2237 1310 2276 lon·-

428 2282 563 2333 giores
583 2312 594 2331 ‚
622 2295 668 2322 ac
696 2294 874 2335 terete53
909 2300 978 2339 par
1006 2290 1148 2340 pedum
1182 2303 1308 2341 quar-

433 2344 516 2381 tum
546 2337 708 2396 reliquis
739 2339 929 2397 longius,
971 2342 1141 2389 articulo
1187 2345 1306 2388 unico
