1704 2620
259 128 338 172 1³88
521 136 763 174 INSECTA
793 134 1043 174 AP‘rzRA.
1074 133 1252 174 Oniscus.

579 244 678 283 Hah.
713 245 753 283 in
780 246 953 295 Europa.
982 245 1025 282 In
1052 242 1180 282 Gallia
1207 242 1525 286 AustraHOri.V.

584 298 701 348 Dese.
740 300 891 337 Parvus
909 328 921 346 ,
959 300 1088 352 niger.
1120 299 1332 353 Segmenta
1358 300 1489 338 omnia
1510 329 1525 348 ‚

637 354 750 392 luteo
778 353 907 392 nitido
930 354 1165 407 marginata.
1189 355 1225 392 T
1228 354 1334 393 aetus
1354 354 1393 394 se
1419 367 1526 395 cou—

638 408 762 446 trahit
787 416 832 446 ut
857 408 908 447 O.
931 407 1159 450 armadillo.

256 516 506 570 variegatus.
522 527 586 569 24.
619 520 671 558 Ο.
705 519 722 567 (
748 518 785 558 le
816 518 930 558 varie
957 518 974 568 )
1007 519 1121 571 niger
1140 549 1154 568 ‚
1178 518 1390 573 segmentis
1423 533 1525 561 cor-

635 576 745 625 poris
795 574 919 627 nigris
945 601 959 619 ,
1022 573 1115 613 albo
1167 576 1398 628 marginatis
1420 606 1435 625 ‚
1483 576 1525 615 in

638 629 772 668 medio
806 628 1038 682 variegatis.
1073 639 1103 666 t.
1133 639 1195 668 11.
1221 630 1262 682 f.
1290 628 1355 668 16.

580 682 680 722 Hah.
714 684 753 722 in
784 686 958 735 Europa.
1002 685 1047 722 In
1081 683 1210 724 Gallia
1241 683 1353 724 Aust.
1397 697 1524 737 prope

639 738 894 777 Nemausum.

585 792 701 842 Desit.
733 795 784 833 O.
811 793 929 843 asello
964 792 1098 845 paullo
1133 794 1278 833 minor.
1312 793 1526 847 Segmenta

641 848 822 900 corporis
858 849 990 888 antice
1017 849 1054 888 &
1081 847 1227 900 postice
1259 848 1352 888 albo
1372 849 1524 902 margi-

641 912 768 951 nata;
807 915 896 956 pars
931 902 1125 955 posterior
1161 904 1308 956 nigra,
1349 906 1527 943 anterior

640 958 773 997 albido
802 988 815 1007 ‚
876 958 984 997 flavo
1039 957 1246 1011 griseoque
1301 959 1527 1011 variegata.

639 1013 810 1053 Colores
840 1013 895 1052 ita
925 1011 1139 1061 distributi,
1164 1021 1208 1052 ut
1233 1013 1398 1064 spatium
1430 1026 1527 1051 cur-

637 1081 731 1106 vum
766 1068 981 1119 unicuique
1008 1069 1209 1119 proprium
1230 1096 1240 1112 ‚
1270 1066 1526 1107 constituant.

639 1123 785 1162 Tastus
817 1122 855 1161 se
888 1122 1091 1162 contrahit
1110 1153 1122 1171 ‚
1150 1122 1216 1161 sed
1254 1134 1336 1160 non
1360 1123 1526 1161 omnino

639 1178 680 1216 in
699 1177 860 1231 globum
877 1177 1133 1218 immobilem.
1164 1176 1326 1216 Macula
1357 1176 1460 1216 flava
1485 1177 1527 1215 in

640 1233 772 1271 medio
801 1232 1110 1284 segmentorum.

593 1283 683 1335 Obfi
717 1288 902 1327 Varietas
941 1287 1143 1340 singularis
1184 1288 1224 1326 in
1265 1285 1398 1326 nostro
1429 1285 1525 1325 mus.

639 1343 826 1394 Quatuor
856 1342 1059 1395 segmenta
1101 1342 1234 1382 antica
1267 1351 1311 1380 ut
1353 1342 1393 1381 in
1435 1340 1527 1381 des-

641 1397 876 1449 criptione:
910 1396 1062 1450 reliqua
1094 1396 1196 1437 alba.

291 1505 469 1546 Bicoior.
500 1514 567 1555 25.
599 1507 650 1546 O.
683 1509 701 1558 (
728 1506 765 1546 le
812 1506 971 1548 bicolor
1013 1506 1030 1556 )
1083 1507 1259 1546 murinus
1280 1536 1292 1554 ,
1351 1506 1533 1559 corporis

644 1560 858 1616 segmentis
886 1561 910 1601 6
939 1562 1102 1603 murinis
1124 1592 1136 1611 ‚
1167 1561 1329 1613 reliquis
1365 1563 1503 1615 nigris.

589 1614 692 1656 Hah.
725 1618 764 1655 in
796 1619 968 1670 Europa.
999 1620 1044 1657 In
1072 1616 1202 1656 Gallia
1224 1616 1476 1656 Australiori.

587 1671 702 1720 Dese.
722 1673 896 1711 Medius.
920 1672 1047 1723 Caput
1065 1673 1105 1713 ’ἃ
1125 1673 1305 1724 co'rporis
1331 1670 1533 1725 segmenta

642 1726 710 1766 sex
759 1728 944 1776 murina,
994 1727 1152 1766 lineolis
1194 1726 1346 1776 aliquot
1389 1726 1528 1777 nigris.

647 1782 862 1833 Septimum
921 1783 1076 1834 nigrum
1118 1780 1354 1820 >laterziiiter
1398 1780 1533 1832 primis

644 1837 854 1875 concolor.
886 1837 1055 1887 Reliqua
1086 1835 1198 1888 nig‘ra
1220 1863 1233 1880 ,
1270 1834 1401 1888 griseo
1429 1847 1534 1871 mar-

648 1891 783 1943 ginata
798 1906 810 1942 3
828 1891 967 1940 fizbtus
985 1900 1095 1930 totus
1113 1890 1275 1943 griseus.
1294 1887 1533 1934 Rarissimus.
