<?xml version="1.0" encoding="UTF-8"?>
<!DOCTYPE html PUBLIC "-//W3C//DTD XHTML 1.0 Transitional//EN"
    "http://www.w3.org/TR/xhtml1/DTD/xhtml1-transitional.dtd">
<html xmlns="http://www.w3.org/1999/xhtml" xml:lang="en" lang="en">
 <head>
  <title>
</title>
<meta http-equiv="Content-Type" content="text/html;charset=utf-8" />
  <meta name='ocr-system' content='tesseract 3.04.00' />
  <meta name='ocr-capabilities' content='ocr_page ocr_carea ocr_par ocr_line ocrx_word'/>
</head>
<body>
  <div class='ocr_page' id='page_1' title='image "./carolilinnient04linn_0736.png"; bbox 0 0 1704 2620; ppageno 0'>
   <div class='ocr_carea' id='block_1_1' title="bbox 275 97 1318 154">
    <p class='ocr_par' dir='ltr' id='par_1_1' title="bbox 275 97 1318 154">
     <span class='ocr_line' id='line_1_1' title="bbox 275 97 1318 154; baseline 0 -12"><span class='ocrx_word' id='word_1_1' title='bbox 275 97 377 154; x_wconf 68' lang='lat' dir='ltr'><strong>cxcii</strong></span> <span class='ocrx_word' id='word_1_2' title='bbox 489 97 1318 142; x_wconf 48' lang='grc' dir='ltr'><strong>ῘΟΗ.ὈΗΒ13Τ.ΡΑΒΕῙΕΙῙ</strong></span> 
     </span>
    </p>
   </div>
   <div class='ocr_carea' id='block_1_2' title="bbox 274 210 1539 653">
    <p class='ocr_par' dir='ltr' id='par_1_2' title="bbox 327 210 1534 313">
     <span class='ocr_line' id='line_1_2' title="bbox 327 210 1534 265; baseline 0.003 -14"><span class='ocrx_word' id='word_1_3' title='bbox 327 210 623 252; x_wconf 83' lang='lat' dir='ltr'><strong>fundamentum</strong></span> <span class='ocrx_word' id='word_1_4' title='bbox 649 211 799 265; x_wconf 85' lang='lat' dir='ltr'><strong>praebet</strong></span> <span class='ocrx_word' id='word_1_5' title='bbox 824 210 1177 252; x_wconf 79' lang='lat' dir='ltr'>denominationis,</span> <span class='ocrx_word' id='word_1_6' title='bbox 1220 212 1534 256; x_wconf 78' lang='lat' dir='ltr'><strong>Fundamentum</strong></span> 
     </span>
     <span class='ocr_line' id='line_1_3' title="bbox 330 266 1412 313; baseline 0.002 -7"><span class='ocrx_word' id='word_1_7' title='bbox 330 266 411 307; x_wconf 89' lang='lat' dir='ltr'><strong>hoc</strong></span> <span class='ocrx_word' id='word_1_8' title='bbox 445 266 471 307; x_wconf 80' lang='lat' dir='ltr'><strong>si</strong></span> <span class='ocrx_word' id='word_1_9' title='bbox 504 267 690 313; x_wconf 81' lang='lat' dir='ltr'>vacillat,</span> <span class='ocrx_word' id='word_1_10' title='bbox 722 274 851 306; x_wconf 87' lang='lat' dir='ltr'><strong>totum</strong></span> <span class='ocrx_word' id='word_1_11' title='bbox 879 268 1038 306; x_wconf 84' lang='lat' dir='ltr'><strong>tandem</strong></span> <span class='ocrx_word' id='word_1_12' title='bbox 1069 268 1148 307; x_wconf 86' lang='lat' dir='ltr'><strong>ruit</strong></span> <span class='ocrx_word' id='word_1_13' title='bbox 1174 266 1412 308; x_wconf 61' lang='lat' dir='ltr'><strong>aedificium·</strong></span> 
     </span>
    </p>

    <p class='ocr_par' dir='ltr' id='par_1_3' title="bbox 274 320 1539 653">
     <span class='ocr_line' id='line_1_4' title="bbox 274 320 1537 374; baseline 0.001 -10"><span class='ocrx_word' id='word_1_14' title='bbox 274 323 448 364; x_wconf 81' lang='lat' dir='ltr'>Cardine</span> <span class='ocrx_word' id='word_1_15' title='bbox 479 322 558 363; x_wconf 91' lang='lat' dir='ltr'><strong>hoc</strong></span> <span class='ocrx_word' id='word_1_16' title='bbox 595 320 741 374; x_wconf 86' lang='lat' dir='ltr'>duplici</span> <span class='ocrx_word' id='word_1_17' title='bbox 782 330 870 361; x_wconf 84' lang='lat' dir='ltr'><strong>tota</strong></span> <span class='ocrx_word' id='word_1_18' title='bbox 902 322 1046 362; x_wconf 88' lang='lat' dir='ltr'><strong>nititur</strong></span> <span class='ocrx_word' id='word_1_19' title='bbox 1082 321 1248 363; x_wconf 88' lang='lat' dir='ltr'><strong>scientia</strong></span> <span class='ocrx_word' id='word_1_20' title='bbox 1288 323 1537 366; x_wconf 82' lang='lat' dir='ltr'><strong>Entomolo-</strong></span> 
     </span>
     <span class='ocr_line' id='line_1_5' title="bbox 323 373 1539 433; baseline 0.001 -15"><span class='ocrx_word' id='word_1_21' title='bbox 323 379 448 433; x_wconf 83' lang='lat' dir='ltr'><strong>.gica;</strong></span> <span class='ocrx_word' id='word_1_22' title='bbox 491 379 557 430; x_wconf 89' lang='lat' dir='ltr'><strong>qui</strong></span> <span class='ocrx_word' id='word_1_23' title='bbox 601 389 701 430; x_wconf 84' lang='lat' dir='ltr'><strong>ergo</strong></span> <span class='ocrx_word' id='word_1_24' title='bbox 742 373 817 416; x_wconf 86' lang='lat' dir='ltr'><strong>hos</strong></span> <span class='ocrx_word' id='word_1_25' title='bbox 856 377 932 416; x_wconf 88' lang='lat' dir='ltr'><strong>rite</strong></span> <span class='ocrx_word' id='word_1_26' title='bbox 976 376 1219 430; x_wconf 82' lang='lat' dir='ltr'><strong>perspexerit</strong></span> <span class='ocrx_word' id='word_1_27' title='bbox 1257 408 1270 428; x_wconf 90' lang='lat'><strong>‚</strong></span> <span class='ocrx_word' id='word_1_28' title='bbox 1325 393 1444 421; x_wconf 69' lang='lat' dir='ltr'><strong>verus</strong></span> <span class='ocrx_word' id='word_1_29' title='bbox 1484 379 1539 420; x_wconf 88' lang='lat' dir='ltr'><strong>est</strong></span> 
     </span>
     <span class='ocr_line' id='line_1_6' title="bbox 327 430 1537 485; baseline 0.001 -12"><span class='ocrx_word' id='word_1_30' title='bbox 327 433 608 483; x_wconf 81' lang='lat' dir='ltr'><strong>Entomologus</strong></span> <span class='ocrx_word' id='word_1_31' title='bbox 628 460 643 478; x_wconf 85' lang='lat'><em>‚</em></span> <span class='ocrx_word' id='word_1_32' title='bbox 674 430 774 471; x_wconf 83' lang='lat' dir='ltr'><strong>alius</strong></span> <span class='ocrx_word' id='word_1_33' title='bbox 810 443 907 471; x_wconf 90' lang='lat' dir='ltr'><strong>non.</strong></span> <span class='ocrx_word' id='word_1_34' title='bbox 934 431 1147 485; x_wconf 78' lang='lat' dir='ltr'><strong>Dispositio</strong></span> <span class='ocrx_word' id='word_1_35' title='bbox 1182 433 1417 478; x_wconf 66' lang='lat' dir='ltr'><strong>insec“rorum</strong></span> <span class='ocrx_word' id='word_1_36' title='bbox 1446 433 1537 474; x_wconf 81' lang='lat' dir='ltr'><strong>sistit</strong></span> 
     </span>
     <span class='ocr_line' id='line_1_7' title="bbox 327 485 1538 539; baseline -0.002 -9"><span class='ocrx_word' id='word_1_37' title='bbox 327 488 538 530; x_wconf 85' lang='lat' dir='ltr'><strong>divifiones</strong></span> <span class='ocrx_word' id='word_1_38' title='bbox 554 486 634 527; x_wconf 87' lang='lat' dir='ltr'><strong>five</strong></span> <span class='ocrx_word' id='word_1_39' title='bbox 663 485 966 539; x_wconf 69' lang='lat' dir='ltr'><strong>conjunetiones</strong></span> <span class='ocrx_word' id='word_1_40' title='bbox 997 501 1136 528; x_wconf 87' lang='lat' dir='ltr'><strong>eorum</strong></span> <span class='ocrx_word' id='word_1_41' title='bbox 1155 489 1192 529; x_wconf 84' lang='lat'>&amp;</span> <span class='ocrx_word' id='word_1_42' title='bbox 1220 489 1274 530; x_wconf 87' lang='lat' dir='ltr'><strong>est</strong></span> <span class='ocrx_word' id='word_1_43' title='bbox 1293 488 1538 538; x_wconf 82' lang='lat' dir='ltr'><strong>artificialis,</strong></span> 
     </span>
     <span class='ocr_line' id='line_1_8' title="bbox 326 541 1539 600; baseline 0 -16"><span class='ocrx_word' id='word_1_44' title='bbox 326 558 415 596; x_wconf 88' lang='lat' dir='ltr'><strong>quae</strong></span> <span class='ocrx_word' id='word_1_45' title='bbox 444 541 580 583; x_wconf 82' lang='lat' dir='ltr'><strong>claffes</strong></span> <span class='ocrx_word' id='word_1_46' title='bbox 609 542 647 582; x_wconf 73' lang='grc' dir='ltr'><strong>ὃ(</strong></span> <span class='ocrx_word' id='word_1_47' title='bbox 681 542 843 582; x_wconf 90' lang='lat' dir='ltr'><strong>ordines</strong></span> <span class='ocrx_word' id='word_1_48' title='bbox 862 571 876 591; x_wconf 90' lang='lat'>,</span> <span class='ocrx_word' id='word_1_49' title='bbox 911 542 978 583; x_wconf 89' lang='lat' dir='ltr'><strong>vel</strong></span> <span class='ocrx_word' id='word_1_50' title='bbox 998 541 1187 583; x_wconf 82' lang='lat' dir='ltr'><strong>naturalis</strong></span> <span class='ocrx_word' id='word_1_51' title='bbox 1207 573 1220 593; x_wconf 93' lang='lat'>,</span> <span class='ocrx_word' id='word_1_52' title='bbox 1253 558 1339 597; x_wconf 85' lang='lat' dir='ltr'><strong>quae</strong></span> <span class='ocrx_word' id='word_1_53' title='bbox 1361 558 1539 600; x_wconf 86' lang='lat' dir='ltr'><strong>genera,</strong></span> 
     </span>
     <span class='ocr_line' id='line_1_9' title="bbox 325 597 945 653; baseline -0.003 -13"><span class='ocrx_word' id='word_1_54' title='bbox 325 599 473 653; x_wconf 84' lang='lat' dir='ltr'><strong>species</strong></span> <span class='ocrx_word' id='word_1_55' title='bbox 499 598 538 638; x_wconf 88' lang='lat'>&amp;</span> <span class='ocrx_word' id='word_1_56' title='bbox 567 597 784 638; x_wconf 81' lang='lat' dir='ltr'><strong>varietates</strong></span> <span class='ocrx_word' id='word_1_57' title='bbox 810 599 945 638; x_wconf 86' lang='lat' dir='ltr'><strong>docet.</strong></span> 
     </span>
    </p>
   </div>
   <div class='ocr_carea' id='block_1_3' title="bbox 795 707 1010 749">
    <p class='ocr_par' dir='ltr' id='par_1_4' title="bbox 795 707 1010 749">
     <span class='ocr_line' id='line_1_10' title="bbox 795 707 1010 749; baseline 0.005 -1"><span class='ocrx_word' id='word_1_58' title='bbox 795 707 930 748; x_wconf 75' lang='lat' dir='ltr'><strong>Canem</strong></span> <span class='ocrx_word' id='word_1_59' title='bbox 970 719 1010 749; x_wconf 78' lang='lat'><strong>2.</strong></span> 
     </span>
    </p>
   </div>
   <div class='ocr_carea' id='block_1_4' title="bbox 266 818 1548 1189">
    <p class='ocr_par' dir='ltr' id='par_1_5' title="bbox 272 818 1548 926">
     <span class='ocr_line' id='line_1_11' title="bbox 272 818 1548 873; baseline -0.002 -12"><span class='ocrx_word' id='word_1_60' title='bbox 272 819 421 873; x_wconf 75' lang='lat' dir='ltr'><em>copula</em></span> <span class='ocrx_word' id='word_1_61' title='bbox 455 818 715 873; x_wconf 65' lang='lat' dir='ltr'><strong>ciffis-entium</strong></span> <span class='ocrx_word' id='word_1_62' title='bbox 752 818 858 857; x_wconf 79' lang='lat' dir='ltr'><strong><em>lzaud</em></strong></span> <span class='ocrx_word' id='word_1_63' title='bbox 881 819 1033 869; x_wconf 55' lang='lat' dir='ltr'><strong>semper</strong></span> <span class='ocrx_word' id='word_1_64' title='bbox 1070 821 1232 860; x_wconf 83' lang='lat' dir='ltr'><strong>eandem</strong></span> <span class='ocrx_word' id='word_1_65' title='bbox 1262 820 1429 872; x_wconf 73' lang='lat' dir='ltr'><strong>speciem</strong></span> <span class='ocrx_word' id='word_1_66' title='bbox 1475 820 1548 860; x_wconf 73' lang='lat' dir='ltr'><strong>dc-</strong></span> 
     </span>
     <span class='ocr_line' id='line_1_12' title="bbox 324 877 523 926; baseline -0.005 -12"><span class='ocrx_word' id='word_1_67' title='bbox 324 877 523 926; x_wconf 77' lang='lat' dir='ltr'><strong>monstrat.</strong></span> 
     </span>
    </p>

    <p class='ocr_par' dir='ltr' id='par_1_6' title="bbox 269 928 1210 982">
     <span class='ocr_line' id='line_1_13' title="bbox 269 928 1210 982; baseline 0 -12"><span class='ocrx_word' id='word_1_68' title='bbox 269 929 505 970; x_wconf 86' lang='lat' dir='ltr'><strong>Coccinella</strong></span> <span class='ocrx_word' id='word_1_69' title='bbox 533 928 757 981; x_wconf 66' lang='lat' dir='ltr'><strong>bipunstata</strong></span> <span class='ocrx_word' id='word_1_70' title='bbox 791 928 829 968; x_wconf 89' lang='lat'>&amp;</span> <span class='ocrx_word' id='word_1_71' title='bbox 860 928 1210 982; x_wconf 82' lang='lat' dir='ltr'><strong>quadripustulata.</strong></span> 
     </span>
    </p>

    <p class='ocr_par' dir='ltr' id='par_1_7' title="bbox 269 982 890 1037">
     <span class='ocr_line' id='line_1_14' title="bbox 269 982 890 1037; baseline -0.003 -13"><span class='ocrx_word' id='word_1_72' title='bbox 269 984 531 1037; x_wconf 64' lang='lat' dir='ltr'><strong>Chfysomela</strong></span> <span class='ocrx_word' id='word_1_73' title='bbox 555 985 634 1022; x_wconf 85' lang='lat' dir='ltr'><strong>alni</strong></span> <span class='ocrx_word' id='word_1_74' title='bbox 663 984 699 1023; x_wconf 71' lang='grc' dir='ltr'><strong>ὃ(</strong></span> <span class='ocrx_word' id='word_1_75' title='bbox 730 982 890 1022; x_wconf 86' lang='lat' dir='ltr'><strong>betulae.</strong></span> 
     </span>
    </p>

    <p class='ocr_par' dir='ltr' id='par_1_8' title="bbox 266 1036 1546 1189">
     <span class='ocr_line' id='line_1_15' title="bbox 266 1036 1546 1091; baseline -0.002 -11"><span class='ocrx_word' id='word_1_76' title='bbox 266 1040 501 1084; x_wconf 69' lang='lat' dir='ltr'><strong>,Varietates</strong></span> <span class='ocrx_word' id='word_1_77' title='bbox 546 1036 745 1091; x_wconf 84' lang='lat' dir='ltr'><strong>flagellum</strong></span> <span class='ocrx_word' id='word_1_78' title='bbox 790 1037 880 1076; x_wconf 82' lang='lat' dir='ltr'><strong>sunt</strong></span> <span class='ocrx_word' id='word_1_79' title='bbox 921 1036 1095 1078; x_wconf 86' lang='lat' dir='ltr'><strong>scientiae</strong></span> <span class='ocrx_word' id='word_1_80' title='bbox 1130 1068 1142 1087; x_wconf 93' lang='lat'>‚</span> <span class='ocrx_word' id='word_1_81' title='bbox 1181 1037 1409 1078; x_wconf 85' lang='lat' dir='ltr'><strong>difficillime</strong></span> <span class='ocrx_word' id='word_1_82' title='bbox 1439 1038 1546 1078; x_wconf 84' lang='lat' dir='ltr'><strong>enim</strong></span> 
     </span>
     <span class='ocr_line' id='line_1_16' title="bbox 324 1091 1546 1147; baseline 0.001 -16"><span class='ocrx_word' id='word_1_83' title='bbox 324 1094 614 1132; x_wconf 82' lang='lat' dir='ltr'><strong>determinatur</strong></span> <span class='ocrx_word' id='word_1_84' title='bbox 653 1093 746 1144; x_wconf 87' lang='lat' dir='ltr'><strong>quid</strong></span> <span class='ocrx_word' id='word_1_85' title='bbox 777 1091 821 1131; x_wconf 83' lang='lat' dir='ltr'><strong>fit</strong></span> <span class='ocrx_word' id='word_1_86' title='bbox 848 1092 998 1145; x_wconf 86' lang='lat' dir='ltr'><strong>species</strong></span> <span class='ocrx_word' id='word_1_87' title='bbox 1017 1123 1029 1143; x_wconf 92' lang='lat'>,</span> <span class='ocrx_word' id='word_1_88' title='bbox 1061 1094 1156 1147; x_wconf 90' lang='lat' dir='ltr'><strong>quid</strong></span> <span class='ocrx_word' id='word_1_89' title='bbox 1196 1095 1400 1143; x_wconf 84' lang='lat' dir='ltr'><strong>varietas,</strong></span> <span class='ocrx_word' id='word_1_90' title='bbox 1427 1106 1546 1146; x_wconf 87' lang='lat' dir='ltr'><strong>quum</strong></span> 
     </span>
     <span class='ocr_line' id='line_1_17' title="bbox 323 1146 916 1189; baseline -0.002 0"><span class='ocrx_word' id='word_1_91' title='bbox 323 1146 484 1189; x_wconf 81' lang='lat' dir='ltr'><strong>cultura</strong></span> <span class='ocrx_word' id='word_1_92' title='bbox 508 1146 746 1188; x_wconf 60' lang='lat' dir='ltr'><strong>insectorum</strong></span> <span class='ocrx_word' id='word_1_93' title='bbox 774 1149 916 1188; x_wconf 83' lang='lat' dir='ltr'><strong>rarior.</strong></span> 
     </span>
    </p>
   </div>
   <div class='ocr_carea' id='block_1_5' title="bbox 802 1256 1011 1314">
    <p class='ocr_par' dir='ltr' id='par_1_9' title="bbox 802 1256 1011 1314">
     <span class='ocr_line' id='line_1_18' title="bbox 802 1256 1011 1314; baseline 0.014 -17"><span class='ocrx_word' id='word_1_94' title='bbox 802 1256 938 1298; x_wconf 78' lang='lat' dir='ltr'><strong>Canon</strong></span> <span class='ocrx_word' id='word_1_95' title='bbox 973 1269 1011 1314; x_wconf 81' lang='lat'><strong>3.</strong></span> 
     </span>
    </p>
   </div>
   <div class='ocr_carea' id='block_1_6' title="bbox 268 1369 1546 1646">
    <p class='ocr_par' dir='ltr' id='par_1_10' title="bbox 274 1369 1544 1480">
     <span class='ocr_line' id='line_1_19' title="bbox 274 1369 1544 1422; baseline -0.002 -11"><span class='ocrx_word' id='word_1_96' title='bbox 274 1371 510 1414; x_wconf 64' lang='lat' dir='ltr'><strong>Vnt-{etates</strong></span> <span class='ocrx_word' id='word_1_97' title='bbox 538 1369 842 1420; x_wconf 45' lang='lat' dir='ltr'><strong>leviffi&#39;rnas‚-vix</strong></span> <span class='ocrx_word' id='word_1_98' title='bbox 876 1381 990 1410; x_wconf 78' lang='lat' dir='ltr'><em>curat</em></span> <span class='ocrx_word' id='word_1_99' title='bbox 1019 1369 1304 1421; x_wconf 72' lang='lat' dir='ltr'><strong>Entomologus</strong></span> <span class='ocrx_word' id='word_1_100' title='bbox 1322 1399 1337 1418; x_wconf 91' lang='lat'>,</span> <span class='ocrx_word' id='word_1_101' title='bbox 1378 1370 1448 1422; x_wconf 85' lang='lat' dir='ltr'><strong>nist</strong></span> <span class='ocrx_word' id='word_1_102' title='bbox 1462 1369 1544 1422; x_wconf 74' lang='lat' dir='ltr'><strong>sint</strong></span> 
     </span>
     <span class='ocr_line' id='line_1_20' title="bbox 316 1426 1215 1480; baseline -0.001 -14"><span class='ocrx_word' id='word_1_103' title='bbox 316 1428 438 1478; x_wconf 81' lang='lat' dir='ltr'><em>sexus</em></span> <span class='ocrx_word' id='word_1_104' title='bbox 460 1457 472 1476; x_wconf 92' lang='lat'>‚</span> <span class='ocrx_word' id='word_1_105' title='bbox 507 1440 591 1480; x_wconf 77' lang='lat' dir='ltr'><strong>qua·</strong></span> <span class='ocrx_word' id='word_1_106' title='bbox 608 1426 759 1476; x_wconf 78' lang='lat' dir='ltr'><strong>semper·</strong></span> <span class='ocrx_word' id='word_1_107' title='bbox 784 1427 972 1465; x_wconf 79' lang='lat' dir='ltr'><strong>annotari</strong></span> <span class='ocrx_word' id='word_1_108' title='bbox 1002 1437 1215 1465; x_wconf 81' lang='lat' dir='ltr'><strong>merentur.</strong></span> 
     </span>
    </p>

    <p class='ocr_par' dir='ltr' id='par_1_11' title="bbox 268 1480 1546 1588">
     <span class='ocr_line' id='line_1_21' title="bbox 268 1480 1546 1533; baseline -0.004 -10"><span class='ocrx_word' id='word_1_109' title='bbox 268 1482 407 1524; x_wconf 79' lang='lat' dir='ltr'><strong>leones</strong></span> <span class='ocrx_word' id='word_1_110' title='bbox 435 1483 556 1533; x_wconf 78' lang='lat' dir='ltr'><strong>igitur</strong></span> <span class='ocrx_word' id='word_1_111' title='bbox 584 1482 823 1521; x_wconf 72' lang='lat' dir='ltr'><strong>varietatum</strong></span> <span class='ocrx_word' id='word_1_112' title='bbox 851 1482 1005 1520; x_wconf 76' lang='lat' dir='ltr'><strong>omnino</strong></span> <span class='ocrx_word' id='word_1_113' title='bbox 1037 1482 1194 1521; x_wconf 76' lang='lat' dir='ltr'><strong>mutiles</strong></span> <span class='ocrx_word' id='word_1_114' title='bbox 1224 1482 1256 1521; x_wconf 66' lang='grc' dir='ltr'><strong>ξ(</strong></span> <span class='ocrx_word' id='word_1_115' title='bbox 1284 1481 1324 1521; x_wconf 84' lang='lat' dir='ltr'><strong>in</strong></span> <span class='ocrx_word' id='word_1_116' title='bbox 1348 1480 1546 1519; x_wconf 81' lang='lat' dir='ltr'><strong>luxuriam</strong></span> 
     </span>
     <span class='ocr_line' id='line_1_22' title="bbox 321 1536 827 1588; baseline -0.002 -11"><span class='ocrx_word' id='word_1_117' title='bbox 321 1539 423 1578; x_wconf 78' lang='lat' dir='ltr'><strong>artis</strong></span> <span class='ocrx_word' id='word_1_118' title='bbox 451 1536 740 1588; x_wconf 64' lang='lat' dir='ltr'><strong>multiplicatae.</strong></span> <span class='ocrx_word' id='word_1_119' title='bbox 776 1538 827 1576; x_wconf 88' lang='lat' dir='ltr'><strong>V.</strong></span> 
     </span>
    </p>

    <p class='ocr_par' dir='ltr' id='par_1_12' title="bbox 268 1591 1241 1646">
     <span class='ocr_line' id='line_1_23' title="bbox 268 1591 1241 1646; baseline -0.002 -11"><span class='ocrx_word' id='word_1_120' title='bbox 268 1593 406 1634; x_wconf 82' lang='lat' dir='ltr'><strong>Claffis</strong></span> <span class='ocrx_word' id='word_1_121' title='bbox 436 1591 490 1633; x_wconf 88' lang='lat' dir='ltr'><strong>est</strong></span> <span class='ocrx_word' id='word_1_122' title='bbox 516 1605 708 1646; x_wconf 84' lang='lat' dir='ltr'><strong>generum</strong></span> <span class='ocrx_word' id='word_1_123' title='bbox 737 1591 908 1646; x_wconf 89' lang='lat' dir='ltr'><strong>plurium</strong></span> <span class='ocrx_word' id='word_1_124' title='bbox 937 1592 1241 1635; x_wconf 81' lang='lat' dir='ltr'><strong>convenientia.</strong></span> 
     </span>
    </p>
   </div>
   <div class='ocr_carea' id='block_1_7' title="bbox 811 1702 1014 1757">
    <p class='ocr_par' dir='ltr' id='par_1_13' title="bbox 811 1702 1014 1757">
     <span class='ocr_line' id='line_1_24' title="bbox 811 1702 1014 1757; baseline 0.005 -14"><span class='ocrx_word' id='word_1_125' title='bbox 811 1702 947 1744; x_wconf 83' lang='lat' dir='ltr'><strong>Canon</strong></span> <span class='ocrx_word' id='word_1_126' title='bbox 975 1715 1014 1757; x_wconf 87' lang='lat'><strong>4.</strong></span> 
     </span>
    </p>
   </div>
   <div class='ocr_carea' id='block_1_8' title="bbox 272 1813 1551 2037">
    <p class='ocr_par' dir='ltr' id='par_1_14' title="bbox 272 1813 1551 2037">
     <span class='ocr_line' id='line_1_25' title="bbox 272 1813 1551 1867; baseline -0.004 -10"><span class='ocrx_word' id='word_1_127' title='bbox 272 1814 450 1858; x_wconf 78' lang='lat' dir='ltr'><strong>Nomina</strong></span> <span class='ocrx_word' id='word_1_128' title='bbox 480 1815 649 1867; x_wconf 85' lang='lat' dir='ltr'><em>claffium</em></span> <span class='ocrx_word' id='word_1_129' title='bbox 675 1813 922 1854; x_wconf 75' lang='lat' dir='ltr'><strong>continebunt</strong></span> <span class='ocrx_word' id='word_1_130' title='bbox 948 1814 1183 1854; x_wconf 60' lang='lat' dir='ltr'><strong>carafferem</strong></span> <span class='ocrx_word' id='word_1_131' title='bbox 1211 1813 1445 1864; x_wconf 68' lang='lat' dir='ltr'><strong>effbntialem</strong></span> <span class='ocrx_word' id='word_1_132' title='bbox 1464 1813 1551 1862; x_wconf 72' lang='lat' dir='ltr'><strong>sim·</strong></span> 
     </span>
     <span class='ocr_line' id='line_1_26' title="bbox 327 1869 1546 1921; baseline -0.004 -10"><span class='ocrx_word' id='word_1_133' title='bbox 327 1873 456 1921; x_wconf 82' lang='lat' dir='ltr'><em>claffis</em></span> <span class='ocrx_word' id='word_1_134' title='bbox 477 1887 494 1921; x_wconf 87' lang='lat'><strong>‚·</strong></span> <span class='ocrx_word' id='word_1_135' title='bbox 538 1871 627 1911; x_wconf 87' lang='lat' dir='ltr'><strong>sunt</strong></span> <span class='ocrx_word' id='word_1_136' title='bbox 660 1871 766 1911; x_wconf 88' lang='lat' dir='ltr'><strong>enim</strong></span> <span class='ocrx_word' id='word_1_137' title='bbox 804 1883 928 1910; x_wconf 83' lang='lat' dir='ltr'><strong>onera</strong></span> <span class='ocrx_word' id='word_1_138' title='bbox 959 1871 1054 1910; x_wconf 84' lang='lat' dir='ltr'><strong>artis</strong></span> <span class='ocrx_word' id='word_1_139' title='bbox 1093 1869 1342 1910; x_wconf 80' lang='lat' dir='ltr'><strong>inevitabilia</strong></span> <span class='ocrx_word' id='word_1_140' title='bbox 1373 1870 1546 1920; x_wconf 81' lang='lat' dir='ltr'><strong>ideoque</strong></span> 
     </span>
     <span class='ocr_line' id='line_1_27' title="bbox 328 1923 1546 1980; baseline -0.003 -14"><span class='ocrx_word' id='word_1_141' title='bbox 328 1935 520 1980; x_wconf 82' lang='lat' dir='ltr'><strong>quantum</strong></span> <span class='ocrx_word' id='word_1_142' title='bbox 545 1926 634 1966; x_wconf 84' lang='lat' dir='ltr'><strong>fieri</strong></span> <span class='ocrx_word' id='word_1_143' title='bbox 662 1924 789 1978; x_wconf 86' lang='lat' dir='ltr'><strong>potest</strong></span> <span class='ocrx_word' id='word_1_144' title='bbox 826 1925 1088 1976; x_wconf 79' lang='lat' dir='ltr'><strong>facilitanda‚</strong></span> <span class='ocrx_word' id='word_1_145' title='bbox 1131 1924 1198 1966; x_wconf 87' lang='lat' dir='ltr'><strong>sed</strong></span> <span class='ocrx_word' id='word_1_146' title='bbox 1229 1926 1368 1965; x_wconf 84' lang='lat' dir='ltr'><strong>eadem</strong></span> <span class='ocrx_word' id='word_1_147' title='bbox 1410 1923 1546 1978; x_wconf 82' lang='lat' dir='ltr'><strong>lingua</strong></span> 
     </span>
     <span class='ocr_line' id='line_1_28' title="bbox 326 1980 719 2037; baseline -0.003 -14"><span class='ocrx_word' id='word_1_148' title='bbox 326 1983 590 2037; x_wconf 75' lang='lat' dir='ltr'><strong>proponenda</strong></span> <span class='ocrx_word' id='word_1_149' title='bbox 615 1980 719 2022; x_wconf 85' lang='lat' dir='ltr'><strong>sunt.</strong></span> 
     </span>
    </p>
   </div>
   <div class='ocr_carea' id='block_1_9' title="bbox 810 2090 1020 2141">
    <p class='ocr_par' dir='ltr' id='par_1_15' title="bbox 810 2090 1020 2141">
     <span class='ocr_line' id='line_1_29' title="bbox 810 2090 1020 2141; baseline 0.005 -9"><span class='ocrx_word' id='word_1_150' title='bbox 810 2090 946 2132; x_wconf 80' lang='lat' dir='ltr'><strong>Canon</strong></span> <span class='ocrx_word' id='word_1_151' title='bbox 986 2100 1020 2141; x_wconf 84' lang='lat'><strong>5.</strong></span> 
     </span>
    </p>
   </div>
   <div class='ocr_carea' id='block_1_10' title="bbox 273 2199 1547 2371">
    <p class='ocr_par' dir='ltr' id='par_1_16' title="bbox 273 2199 1547 2371">
     <span class='ocr_line' id='line_1_30' title="bbox 273 2199 1547 2258; baseline -0.007 -10"><span class='ocrx_word' id='word_1_152' title='bbox 273 2205 458 2258; x_wconf 75' lang='lat' dir='ltr'><strong>Claffiurn</strong></span> <span class='ocrx_word' id='word_1_153' title='bbox 489 2204 648 2244; x_wconf 81' lang='lat' dir='ltr'><strong>nomina</strong></span> <span class='ocrx_word' id='word_1_154' title='bbox 678 2202 789 2243; x_wconf 78' lang='lat' dir='ltr'><strong>unico</strong></span> <span class='ocrx_word' id='word_1_155' title='bbox 819 2214 973 2241; x_wconf 78' lang='lat' dir='ltr'><strong>tantum</strong></span> <span class='ocrx_word' id='word_1_156' title='bbox 1004 2202 1224 2253; x_wconf 71' lang='lat' dir='ltr'><strong>constabunt</strong></span> <span class='ocrx_word' id='word_1_157' title='bbox 1261 2199 1444 2241; x_wconf 81' lang='lat' dir='ltr'><em>vocabulo</em></span> <span class='ocrx_word' id='word_1_158' title='bbox 1481 2214 1547 2239; x_wconf 80' lang='lat' dir='ltr'><strong>nec</strong></span> 
     </span>
     <span class='ocr_line' id='line_1_31' title="bbox 329 2255 1543 2312; baseline -0.006 -11"><span class='ocrx_word' id='word_1_159' title='bbox 329 2262 448 2301; x_wconf 80' lang='lat' dir='ltr'><strong>nimis</strong></span> <span class='ocrx_word' id='word_1_160' title='bbox 471 2261 673 2312; x_wconf 76' lang='lat' dir='ltr'><strong>composito</strong></span> <span class='ocrx_word' id='word_1_161' title='bbox 705 2273 722 2309; x_wconf 81' lang='lat'><strong>,¹</strong></span> <span class='ocrx_word' id='word_1_162' title='bbox 759 2259 924 2298; x_wconf 72' lang='lat' dir='ltr'><strong>vitanda</strong></span> <span class='ocrx_word' id='word_1_163' title='bbox 956 2258 1076 2308; x_wconf 82' lang='lat' dir='ltr'><strong>igitur</strong></span> <span class='ocrx_word' id='word_1_164' title='bbox 1109 2259 1268 2296; x_wconf 80' lang='lat' dir='ltr'><strong>nomina</strong></span> <span class='ocrx_word' id='word_1_165' title='bbox 1309 2271 1394 2309; x_wconf 82' lang='lat' dir='ltr'><strong>quae</strong></span> <span class='ocrx_word' id='word_1_166' title='bbox 1426 2255 1543 2306; x_wconf 77' lang='lat' dir='ltr'><em>plura</em></span> 
     </span>
     <span class='ocr_line' id='line_1_32' title="bbox 334 2314 1014 2371; baseline -0.007 -14"><span class='ocrx_word' id='word_1_167' title='bbox 334 2332 451 2371; x_wconf 85' lang='lat' dir='ltr'><strong>quam</strong></span> <span class='ocrx_word' id='word_1_168' title='bbox 477 2317 549 2355; x_wconf 83' lang='lat' dir='ltr'><strong>duo</strong></span> <span class='ocrx_word' id='word_1_169' title='bbox 578 2314 769 2354; x_wconf 69' lang='lat' dir='ltr'><strong>vocabula</strong></span> <span class='ocrx_word' id='word_1_170' title='bbox 800 2315 1014 2353; x_wconf 74' lang='lat' dir='ltr'><strong>continent.</strong></span> 
     </span>
    </p>
   </div>
   <div class='ocr_carea' id='block_1_11' title="bbox 277 2365 1546 2460">
    <p class='ocr_par' dir='ltr' id='par_1_17' title="bbox 277 2365 1546 2460">
     <span class='ocr_line' id='line_1_33' title="bbox 277 2365 1546 2460; baseline -0.008 -47"><span class='ocrx_word' id='word_1_171' title='bbox 277 2371 383 2415; x_wconf 75' lang='lat' dir='ltr'><em>Ordo</em></span> <span class='ocrx_word' id='word_1_172' title='bbox 401 2371 454 2414; x_wconf 90' lang='lat' dir='ltr'><strong>est</strong></span> <span class='ocrx_word' id='word_1_173' title='bbox 470 2371 643 2419; x_wconf 74' lang='lat' dir='ltr'><strong>classium</strong></span> <span class='ocrx_word' id='word_1_174' title='bbox 657 2368 866 2411; x_wconf 72' lang='lat' dir='ltr'><strong>subdivisio</strong></span> <span class='ocrx_word' id='word_1_175' title='bbox 883 2398 897 2417; x_wconf 85' lang='lat'>‚</span> <span class='ocrx_word' id='word_1_176' title='bbox 917 2382 967 2409; x_wconf 86' lang='lat' dir='ltr'><strong>ne</strong></span> <span class='ocrx_word' id='word_1_177' title='bbox 983 2367 1093 2423; x_wconf 82' lang='lat' dir='ltr'>plura</span> <span class='ocrx_word' id='word_1_178' title='bbox 1108 2379 1257 2422; x_wconf 80' lang='lat' dir='ltr'><strong>genera</strong></span> <span class='ocrx_word' id='word_1_179' title='bbox 1274 2365 1546 2460; x_wconf 51' lang='grc' dir='ltr'><strong>ἀίίὶίηὸιιξὲεἷῧ</strong></span> 
     </span>
    </p>
   </div>
  </div>
 </body>
</html>
