1704 2620
315 143 830 181 ILLusTaATmNEs.
863 141 1049 192 Leptura.
1235 148 1318 195 317Ι

56 250 445 305 Sanguinicollis.N.
481 252 499 300 (
527 249 564 290 le
583 248 724 290 collier
745 249 902 302 rouge)
933 248 1101 289 thorace
1127 248 1317 290 teretius-

438 305 531 345 culo
570 303 660 344 rufo
680 334 694 353 ‚
725 316 896 356 corpore
931 301 1056 344 fusco.

386 358 487 400 Hab.
519 358 872 399 Halae-Saxonum.
900 356 956 397 D.
981 358 1154 413 Hybner.

384 414 498 463 Dese.
528 414 770 467 Magnitudo
812 413 850 454 &
880 411 1020 454 statura
1050 417 1105 453 N.
1136 412 1323 463 caerulesa

446 469 585 508 centis.
618 467 744 519 Caput
763 498 775 517 ‚
807 480 894 508 cum
922 469 1124 516 antennis,
1155 467 1321 509 fuscum.

446 521 486 562 T
482 524 605 562 lzorax
629 523 781 575 punctis
801 521 955 562 duobus
974 523 1158 574 impreffis
1172 553 1185 572 ‚
1212 531 1325 563 tere·¹

443 576 633 617 tiusculus
652 607 664 626 ,
694 576 819 617 rufus.
848 576 994 630 Elytra
1018 578 1132 617 lineis
1157 576 1327 618 elevatis

443 632 570 672 tribus
597 631 756 681 striata,
791 629 911 672 fusca.
949 630 1096 683 Corpus
1135 631 1282 673 fuscum
1311 660 1329 680 ,

445 686 526 727 five
552 685 717 726 obscure
751 686 920 738 nigrum.

172 796 366 840 Ustulata.
396 799 458 835 N.
488 797 506 845 (
531 793 567 833 la
597 792 768 842 brulee)
789 793 929 845 nigra,
953 793 1094 846 elytris
1112 793 1190 835 basi
1210 796 1326 837 sutu-

449 860 570 900 raque
604 847 684 886 lata
714 846 907 887 testaceis.

391 903 553 953 Herbest.
582 902 688 942 arch.
725 902 930 955 necydalis
956 902 1136 946 ustulata.

392 957 492 997 Hah.
520 958 559 997 in
590 957 812 997 Germaniae
838 956 998 1009 plantis.

391 1012 504 1063 Dests.
533 1013 692 1053 Statura
723 1011 886 1054 omnino
916 1015 968 1052 N.
997 1013 1229 1056 humeralis.

141 1123 366 1165 Melanura.
396 1126 453 1163 N.
485 1125 501 1173 (
527 1123 563 1163 la
589 1121 790 1163 melanure
816 1123 835 1172 )
864 1124 976 1177 nigra
995 1154 1008 1173 ‚
1039 1123 1207 1167 thorace
1232 1126 1330 1182 ely-3

163 1181 171 1187 “
450 1177 597 1230 trisque
627 1177 804 1218 testaceis
824 1208 837 1227 ,
865 1178 926 1217 his
957 1179 1071 1232 apice
1099 1181 1238 1233 nigris.

395 1233 493 1273 Hah.
520 1235 559 1272 in
590 1233 784 1285 Hispaniae
815 1232 973 1285 plantis.
1009 1232 1065 1272 D.
1098 1235 1222 1276 Vahl.

396 1287 512 1337 Defi.
548 1288 706 1328 Statura
734 1288 771 1327 &
796 1289 1028 1341 magnitudo
1054 1291 1109 1328 N.
1128 1291 1336 1342 ruficolllsl

453 1341 579 1394 Caput
601 1372 613 1392 ,
651 1353 856 1390 autemut,
885 1357 1021 1393 corpus
1037 1373 1048 1393 ‚
1066 1345 1184 1394 pedes
1204 1348 1339 1401 nigra:

402 1395 491 1447 Obfi
532 1400 576 1437 In
604 1397 748 1436 Enum.
785 1396 983 1437 cantharis
1015 1399 1240 1449 rufiventris
1272 1402 1332 1444 D.

450 1451 568 1502 Scap.
599 1467 637 1491 n.
662 1461 752 1502 139.
779 1452 882 1490 inter
909 1453 1122 1505 necydales
1148 1456 1333 1498 ordinata

454 1505 529 1545 fuit
544 1535 557 1553 ‚
574 1505 669 1544 licet
685 1506 815 1557 elytra
838 1506 994 1545 minime
1014 1506 1086 1546 sint
1103 1516 1307 1551 attenuata
1321 1543 1337 1561 ‚

456 1572 506 1599 eo
538 1560 646 1611 quod
674 1558 787 1598 lineis
819 1559 941 1598 tribus
968 1561 1208 1614 infignantur
1228 1594 1240 1613 ‚
1267 1568 1339 1606 in..

463 1614 558 1653 tima
611 1613 829 1653 breviffima
848 1642 860 1658 ‚
912 1615 1056 1655 extima
1104 1615 1337 1671 longiffima.

457 1669 562 1708 Huic
587 1667 801 1708 characteri
834 1669 874 1707 in
901 1667 979 1708 hoc
1004 1683 1151 1722 genere
1171 1675 1337 1717 multum

453 1722 594 1762 tribuit
611 1721 666 1761 D.
682 1722 859 1763 Schranlc
885 1724 1095 1776 omnesque
1123 1728 1335 1769 canthari-

455 1778 523 1817 des
549 1777 663 1817 Lina.
692 1776 863 1815 Thorace
880 1779 1119 1828 teretiusbulo
1139 1784 1188 1822 ad
1213 1797 1340 1837 genus

454 1831 624 1884 praesens
660 1831 830 1871 libenter
864 1831 1046 1874 referret.
1071 1837 1195 1876 Notis
1222 1839 1340 1893 hujus

458 1887 616 1938 generis
660 1885 980 1927 charaaeristicis
1008 1889 1148 1929 oculos
1178 1891 1338 1934 lunares

457 1941 606 1980 addidit
620 1939 676 1979 D.
688 1941 733 1980 de
751 1939 862 1980 Geer.
882 1940 947 1981 secl
965 1941 1156 1995 superflua
1173 1947 1334 1990 videtur

459 2004 627 2046 utraque
653 2005 779 2040 nota,
818 1994 945 2035 forma
982 1999 1084 2038 enim
1117 2000 1338 2053 elytrorum

454 2048 691 2090 sufficienter
703 2049 886 2090 distinclae
901 2054 1114 2105 necydales
1127 2057 1328 2100 videntur.

592 2159 832 2213 Pyroclzroa.

405 2269 494 2310 Hoc
519 2281 667 2309 novum
684 2283 807 2323 genus
824 2271 1060 2314 admiserunt
1087 2273 1143 2313 D.
1166 2274 1258 2317 Fab.
1285 2277 1329 2317 de

463 2322 734 2419 §geptGeoffi
762 2325 940 2368 Sclzranlc
957 2357 972 2376 ,
1014 2329 1079 2369 sed
1105 2328 1336 2386 synonymia

523 2391 577 2419 ria
603 2407 612 2421 .
1329 2421 1331 2425 .
