1704 2620
395 92 638 141 1118ssch
667 87 918 133 APTERA.
948 85 1125 128 Aranea„
1296 97 1388 144 >¹03

501 201 585 243 oris
620 200 774 254 forcipe
812 198 978 243 omnino
1014 194 1252 237 tarentulam
1280 193 1388 236 refe-

502 268 610 297 rens.
658 256 761 295 Hinc
805 253 832 301 fi
877 265 963 306 q-uae
1003 251 1112 299 alia,
1160 251 1243 290 haec
1276 260 1386 289 certe

500 320 728 357 venenata,
757 322 807 350 ex
829 309 990 356 colore,
1020 306 1233 355 strudhxra,
1259 304 1386 357 figura

354 379 356 381 ·
502 366 584 405 oris
608 396 620 416 ‚
658 365 734 405 ὅτε.
772 363 896 403 Faun.
936 373 1060 402 2020.

385 465 389 467 λ
452 420 543 471 Obs.
574 430 608 459 1.
646 423 744 458 Non
769 418 882 473 supra
912 428 1052 469 aquam
1079 415 1144 455 sed
1181 415 1222 455 in
1255 415 1290 455 ὅ(
1317 413 1386 453 sub

508 488 608 528 aqua
640 474 808 513 habitat.
846 472 960 512 Linn.

451 529 542 580 Obs.
573 541 613 568 α..
647 527 741 568 Mas
770 527 929 568 foemina
959 525 1099 580 major.
1121 527 1225 563 Dum
1241 532 1353 564 natat
1372 552 1386 570 ,

505 593 695 638 argentea
717 585 908 637 adparent
928 582 1073 621 thorax
1089 580 1361 630 abdomenque
1376 606 1387 623 ,

504 639 765 691 atmosphaera
820 638 924 676 enim
968 648 1084 675 aerea
1137 635 1204 673 has
1254 643 1387 687 partes

501 695 618 747 tegit.
653 691 934 743 C'ampanulam
963 689 1150 729 sericeam
1194 691 1234 728 in
1277 690 1389 741 aquis

505 747 688 794 habitan
721 745 789 784 sed'
834 757 990 784 aeream
1027 745 1064 783 ὃ(
1102 746 1142 782 in
1186 757 1261 796 qua
1305 757 1388 783 non

507 801 706 854 pervenis.
735 797 922 838 Artificio
946 797 1112 836 mirabili
1140 810 1253 837 amm
1279 807 1392 838 extra

505 866 625 908 aquas
673 855 885 902 extendit,
928 851 1073 892 hunam
1110 864 1265 891 aeream
1310 865 1389 891 ano

504 908 774 948 adhaerentem
815 908 854 948 in
894 919 1013 958 aquas
1047 908 1181 955 ducit,
1218 908 1309 945 dein
1348 908 1389 946 in

502 975 730 1015 campanam
777 975 827 1001 ex
878 975 955 1014 qua
1011 974 1113 1012 aqua
1168 960 1387 1001 neceffar'xo

504 1019 722 1073 egreditur.
758 1017 815 1057 D.
849 1018 895 1055 de
930 1015 1043 1055 Geer.

166 1149 346 1193 saccata.
379 1155 445 1201 34.
474 1139 529 1185 Α.
561 1146 578 1196 (
603 1144 639 1184 la
657 1143 893 1197 porte-sae)
919 1142 1130 1184 abdomine
1157 1151 1283 1182 ovato
1313 1141 1393 1182 fer-

507 1201 675 1254 rugineo
704 1199 834 1239 fusco.

451 1255 539 1306 list·
576 1269 693 1294 aran.
725 1253 792 1292 82.
815 1253 854 1305 f.
883 1250 951 1291 28.

457 1310 602 1360 Frifith.
631 1310 702 1359 ins.
729 1306 767 1348 8.
801 1320 830 1348 t.
854 1319 894 1347 2.

453 1365 546 1405 Fab.
575 1362 640 1417 38.

452 1419 597 1460 Enum.
646 1434 686 1458 η.
718 1426 837 1468 1107.

453 1474 568 1524 Scop.
599 1487 706 1512 carn.
737 1469 857 1511 1116.
887 1483 1032 1514 aranea
1058 1471 1268 1524 Lyonetti.

453 1527 578 1579 Geoffl
605 1528 673 1576 inf
706 1526 825 1577 paris]
861 1537 955 1565 tom.
983 1536 1021 1564 2.
1057 1541 1100 1575 p.
1124 1524 1218 1571 650.
1256 1540 1294 1563 η.
1325 1531 1392 1571 15.

508 1590 597 1621 tota
637 1581 800 1620 cinereo
847 1578 986 1619 villosa
1003 1606 1016 1626 ,
1063 1578 1239 1619 thoracis
1285 1577 1390 1619 linea

510 1635 655 1687 triplici
684 1634 786 1673 alba.

453 1689 574 1730 Miill.
603 1688 690 1728 Lin.
726 1686 825 1727 Nat„
861 1687 910 1726 cl.
936 1698 983 1727 v.
1012 1703 1054 1739 p.
1080 1686 1201 1738 1084.
1311 1725 1314 1730 ,

451 1742 554 1783 Hah.
580 1744 620 1781 in
648 1753 754 1782 terra
772 1770 788 1790 ,
817 1741 1100 1782 circumferens
1131 1743 1276 1794 ubique
1302 1741 1391 1783 sac-

512 1811 600 1837 cum
632 1796 740 1836 suum
769 1809 954 1837 ovorum.

455 1851 573 1901 Defh.
610 1851 736 1905 Color
762 1850 927 1890 multum
953 1851 1113 1897 variar,
1155 1852 1221 1890 sed
1248 1852 1392 1890 thorax

508 1906 622 1959 supra
680 1905 1027 1959 longitudinaliter
1080 1905 1263 1958 pallidior
1324 1905 1392 1946 est.

507 1962 576 2001 Ad
607 1960 793 2014 angulum
815 1959 954 2000 baseos
978 1960 1199 2000 abdominis
1229 1960 1396 2012 superne

512 2014 721 2056 fasciculus
751 2014 923 2068 pilorum
956 2014 1136 2056 alborum
1172 2015 1396 2055 antrorsum

513 2071 732 2124 porrestus.
756 2070 901 2112 Enum.

158 2197 351 2243 palustris.
384 2205 448 2253 35.
480 2199 532 2239 A.
565 2199 678 2249 (des
716 2198 808 2253 pres
842 2199 1145 2253 marecageux)
1184 2196 1396 2236 abdomine

514 2252 693 2351 ἓῧξῗδηῧὲ
740 2253 958 2308 nebuloso,
1012 2253 1126 2293 lineis
1170 2251 1397 2292 lateralibus

1078 2376 1184 2418 Giv
