1704 2620
444 71 688 119 lusson
716 79 968 125 Arnim.
997 85 1223 130 Pediculus.
1407 102 1460 149 19

525 187 640 239 Defi.
671 191 844 233 Facilius
874 193 1024 243 icone,
1049 210 1165 250 quam
1190 200 1322 243 verbis
1355 204 1462 244 deli-

577 247 795 297 neandu33
834 249 939 290 inter
974 251 1147 303 majores
1189 254 1245 294 sui
1288 261 1462 311 generis.

579 298 708 351 Caput
741 312 936 354 ovatum,
973 305 1100 347 latere
1144 307 1248 349 ultra
1291 314 1461 354 medium

578 355 718 395 versus
744 357 939 399 abdomen
966 374 1086 402 crena
1114 362 1366 412 instructum,
1394 369 1462 408 ubi

575 411 698 450 etiam
766 412 874 453 oculi
942 424 1206 471 antennaeque
1259 420 1463 465 locantur.

576 464 777 505 Antennae
813 468 1135 521 moniliformes‚
1177 474 1348 515 articulo
1389 490 1462 516 ex-

574 520 676 560 timo
699 522 883 563 maximo.
901 524 1008 565 Ante
1024 525 1126 567 hanc
1143 541 1303 570 crenam
1323 530 1462 572 versus

573 585 622 613 os
642 588 760 616 crena
787 579 973 630 utrinque
992 580 1067 621 alia
1084 611 1097 630 ,
1122 596 1202 635 quo
1227 583 1321 625 loco
1346 585 1460 627 snum

576 628 633 668 est
692 631 966 684 corpusculum
1022 637 1329 681 antenniforme.
1402 639 1462 681 Os

573 683 755 724 membro
803 685 977 727 suerorio
1030 703 1158 732 curvo
1208 695 1461 746 prominente

573 735 812 779 instrustum.
829 739 1038 781 Abdomen
1064 744 1148 786 fere
1169 748 1429 800 cylindricum
1444 780 1460 800 ‚

565 790 809 846 oblongum,
854 796 1122 850 diaphanum‚
1155 801 1210 842 ita
1247 813 1293 844 ut
1335 807 1460 858 pedes

567 846 858 899 transpareant.
889 849 1051 891 Thorax
1068 885 1081 904 ‚
1114 857 1268 910 angulis
1288 869 1460 912 quatuor

569 901 720 942 obtufis
738 931 752 949 ,
810 905 1029 960 irregulare
1084 908 1230 951 format
1285 925 1459 967 pentae-

564 956 693 997 drum.
721 958 934 1012 Segmenta
959 962 1176 1005 abdominis
1205 968 1284 1008 duo
1319 971 1455 1021 priora

564 1011 750 1052 nonnihil
775 1013 938 1068 reliquis
968 1017 1211 1062 obscuriora.
1250 1023 1376 1064 Pedes
1403 1038 1455 1066 ex

564 1067 744 1118 partibus
773 1069 901 1110 tribus
932 1068 1141 1120 cdnstant,
1170 1090 1264 1129 quas
1291 1077 1449 1128 femur,

561 1120 730 1172 tibiam,
778 1124 922 1164 tarsum
964 1128 1171 1180 adpelle83
1210 1131 1271 1171 hae
1312 1145 1452 1173 omnes

558 1173 651 1215 satis
686 1190 873 1231 magnae3
919 1179 986 1220 sed
1031 1193 1224 1234 praeterea
1271 1187 1313 1226 in
1357 1189 1447 1229 tarst

560 1231 672 1282 apice
707 1233 896 1275 articulus
936 1235 1099 1286 brevss,
1145 1241 1300 1290 tenuis,
1339 1255 1446 1283 unco

555 1285 709 1326 mobilli
752 1288 862 1328 nullo
903 1289 1144 1343 instru&us;
1190 1293 1284 1335 hinc
1325 1296 1443 1338 facile

566 1352 589 1379 a
628 1340 710 1393 pilo
748 1344 924 1384 animalis
963 1347 1028 1388 cui
1073 1347 1277 1398 adhaeret,
1317 1352 1446 1394 deteri

557 1395 699 1447 potest.
726 1397 844 1437 Anus
867 1400 1099 1452 corpuscula
1120 1404 1200 1443 duo
1220 1408 1444 1448 acuminata

559 1452 718 1499 exerit,
761 1453 809 1491 iis
848 1454 1066 1505 fimillima,
1110 1470 1197 1509 quae
1233 1459 1274 1497 in
1316 1473 1437 1502 acaro

554 1505 756 1554 aphidiode
785 1507 881 1548 olim
908 1510 1168 1562 depinximus.
1198 1512 1339 1555 Etcum.

248 1609 385 1650 Cervi.
419 1618 455 1661 5.
485 1613 531 1652 P.
564 1614 582 1662 (
610 1614 661 1653 du
699 1614 825 1664 cerf)
864 1620 990 1658 cervi.

495 1666 638 1715 Frtfilz.
668 1669 738 1718 itzss
767 1680 830 1709 12.
858 1687 901 1722 p.
926 1681 973 1722 15
1001 1683 1031 1714 t.
1058 1681 1094 1723 5.

492 1721 590 1762 Red.
624 1737 715 1774 exp.
747 1735 779 1764 t.
814 1734 850 1774 5.

496 1777 592 1817 Fab.
626 1786 661 1826 5.

498 1831 626 1872 Faun.
655 1832 784 1874 Fridr.
815 1850 855 1876 n.
882 1834 976 1877 801.

491 1885 591 1928 Hah.
621 1888 660 1927 in
689 1901 813 1930 cervo
847 1890 1021 1946 elapho,
1058 1894 1196 1946 dama,
1223 1900 1425 1953 capreolos

205 1998 208 2002 ’
246 1993 358 2034 Ovis.
389 1993 426 2035 6.
459 1997 503 2036 P.
538 1999 554 2047 (
581 1999 630 2037 de
655 1997 694 2037 la
725 1999 855 2039 brebis
880 2002 898 2051 )
934 2003 1026 2043 ovis
1057 2005 1206 2049 arietis.

490 2051 589 2091 Red.
614 2067 700 2104 exp.
740 2067 768 2093 t.
795 2066 861 2095 22.
888 2058 929 2109 f.
957 2061 1014 2099 1?

491 2105 637 2147 Enum.
672 2123 712 2148 n.
743 2118 861 2157 1025.

489 2159 615 2202 Faun.
651 2162 776 2203 Fridr.
817 2181 858 2205 n.
882 2164 977 2208 802.

493 2214 592 2254 Hah.
621 2217 660 2256 in
695 2218 852 2259 ovibus.

489 2269 604 2318 Defi‘.
646 2275 753 2314 Inter
795 2275 965 2327 majores
999 2278 1054 2320 sui
1089 2285 1258 2335 generis,
1297 2285 1420 2336 Caput

547 2324 796 2379 orbiculare,
824 2332 941 2384 apice
969 2333 1036 2374 seu
1064 2348 1136 2377 ore
1164 2340 1418 2381 instrumento

1117 2394 1149 2431 Β
1178 2394 1204 2444 ij
