1704 2620
278 148 371 204 ‘ccvi
482 148 618 192 1011.
667 146 951 189 Cnnrsr.
998 146 1337 190 FAnnrcxt

278 261 454 305 Accedit
479 259 585 314 quod
608 269 808 310 nunquam
848 256 1010 298 colores
1042 259 1249 312 adaequate
1278 256 1546 302 determinare

335 327 405 358 aut
449 315 581 357 verbis
632 313 854 365 exprimere
900 312 1078 355 valeant.
1146 313 1280 355 Nimia
1322 327 1462 357 eorum
1492 314 1547 358 est

335 372 509 412 varietas
537 372 576 411 &
606 366 779 408 miscela.

280 427 473 469 Colorum
517 424 679 478 systema
722 419 880 475 quidem
920 421 1179 465 elaborarunt
1210 425 1289 466 viri
1317 423 1545 467 meritiffimi

332 481 485 533 Scopoh'
527 481 564 520 ὅ(
602 477 711 516 Poda
733 507 746 525 ,
792 486 834 517 at
863 477 1056 519 vacillans
1087 479 1238 532 semper
1274 481 1385 527 erit,
1424 494 1546 534 quum

329 550 468 584 eorum
493 533 654 575 colores
679 545 792 585 aeque
807 532 1020 582 ludentes,
1046 545 1094 574 ac
1110 533 1283 586 ipsorum
1309 534 1546 578 infestorum

331 591 473 634 demtis
504 597 638 629 tamen
671 587 876 629 coloribus
913 589 1093 629 nondum
1130 588 1276 630 infesta
1306 589 1545 644 distinguere

329 645 522 689 valemus.
572 643 660 685 Seri
700 642 808 685 forte
844 652 1016 698 nepotes
1059 641 1285 685 essentiales
1326 643 1545 698 specierum

327 699 571 742 differentias
595 701 791 754 detegent
820 699 859 741 δι
881 708 980 741 tunc
1011 698 1174 741 colores
1201 700 1369 742 omnino
1398 700 1546 743 exclu-

325 756 461 799 dendi.

792 822 929 864 Canon
957 825 1027 880 63.

271 945 442 986 odorem
475 955 672 997 nunquam
705 939 969 995 dzfferetztiam
1002 938 1215 991 diffindam
1252 940 1411 983 tradere
1449 956 1547 984 con-

326 1000 537 1038 tendimus.

268 1052 447 1096 olfastus
480 1052 649 1092 maxime
672 1049 862 1091 obscurus
891 1049 998 1091 inter
1027 1061 1169 1091 omnes
1206 1049 1363 1092 nostros
1387 1050 1546 1104 sensus,

322 1109 525 1150 examinat
549 1106 766 1147 tenuiffima
783 1115 999 1159 corporum
1016 1105 1179 1147 effluvia
1192 1132 1207 1152 ,
1234 1119 1323 1159 quae
1344 1120 1547 1160 nunquam

322 1164 403 1205 rite
431 1163 697 1204 determinare
713 1161 891 1203 valemus
907 1192 921 1212 ,
941 1173 1062 1215 quum
1083 1160 1229 1201 limites
1259 1160 1365 1202 haud
1393 1163 1546 1203 admit-

323 1228 428 1259 tant.
451 1222 643 1258 Erroneae
661 1217 785 1271 igitur
812 1216 903 1258 sunt
928 1229 1069 1259 omnes
1100 1214 1339 1259 differentiae
1372 1230 1460 1272 quae
1494 1218 1545 1260 ab

323 1275 453 1316 odore
487 1273 758 1315 desumuntur.

792 1370 931 1413 Canon
963 1370 1032 1425 64.

1330 1432 1342 1459 5

267 1486 514 1543 D1fferentiae
543 1500 629 1540 quae
656 1483 811 1525 unicum
834 1493 991 1524 tantum
1010 1482 1152 1534 sexum
1185 1481 1541 1536 comprehendunt,

313 1545 466 1595 fimper
497 1541 629 1582 malae.

266 1597 393 1641 Sexus
417 1598 518 1638 alter
547 1607 748 1648 nunquam
776 1593 947 1648 speciem
975 1593 1208 1644 constituit,
1237 1594 1414 1647 ideoque
1437 1607 1542 1649 pro-

319 1663 449 1710 ponat
476 1653 597 1693 etiam
622 1650 845 1692 differentia
873 1659 992 1691 notas
1020 1650 1128 1690 omni
1153 1648 1264 1690 sexui
1282 1661 1542 1702 communes,

316 1722 441 1764 quum
470 1722 493 1748 e
519 1706 744 1748 differentia
778 1705 886 1745 haud
913 1704 1049 1745 sexum
1076 1704 1144 1745 sed
1171 1704 1341 1758 speciem
1367 1705 1542 1759 cognos-

318 1778 414 1808 cere
448 1763 661 1803 debeamus
678 1791 692 1812 ‚
723 1759 838 1801 falsas
856 1761 949 1801 ideo
980 1759 1059 1801 effe
1085 1773 1225 1802 omnes
1251 1759 1542 1803 scarabaeorum

319 1818 564 1861 differentias
607 1829 629 1857 a
665 1816 869 1858 cornubus
909 1815 1057 1859 sumtas
1090 1845 1105 1869 ,
1154 1814 1465 1858 ichneumonum
1491 1817 1540 1859 ab

320 1874 463 1917 aculeo
489 1873 786 1915 contendimus.

784 1962 921 2006 Canon
952 1962 1022 2016 65.

262 2072 510 2130 Differ-eutice
537 2073 760 2126 insederam
799 2090 933 2115 omnes
977 2103 993 2123 ,
1043 2088 1131 2130 quae
1170 2087 1193 2116 a
1230 2071 1543 2127 proprietatibus

317 2131 569 2180 defitmuntur
586 2159 599 2178 ,
636 2128 812 2170 ludicra.

261 2186 411 2228 Infesta
441 2185 585 2238 absque
617 2184 929 2227 accidentalibus
972 2198 1043 2238 per
1074 2182 1114 2225 se
1145 2184 1389 2240 distinguere
1418 2180 1537 2222 labo-

315 2254 448 2282 ramus
486 2241 659 2294 ideoque
700 2253 838 2282 omnes
880 2249 998 2280 notas
1039 2252 1127 2292 quae
1167 2240 1273 2280 haud
1305 2250 1328 2279 a
1363 2249 1536 2290 corpore

315 2296 402 2349 ipso
431 2295 717 2346 desumuntur,
754 2296 871 2350 plane
910 2295 1148 2349 rejiciendas
1181 2293 1258 2335 effe
1305 2293 1533 2338 credimus,

315 2365 436 2403 quum
467 2365 667 2407 nunquam
697 2350 962 2394 characterem
996 2349 1130 2394 insecti
1162 2346 1406 2393 essentialem
1435 2359 1537 2388 con-

317 2407 490 2449 t'ineant.
