<?xml version="1.0" encoding="UTF-8"?>
<!DOCTYPE html PUBLIC "-//W3C//DTD XHTML 1.0 Transitional//EN"
    "http://www.w3.org/TR/xhtml1/DTD/xhtml1-transitional.dtd">
<html xmlns="http://www.w3.org/1999/xhtml" xml:lang="en" lang="en">
 <head>
  <title>
</title>
<meta http-equiv="Content-Type" content="text/html;charset=utf-8" />
  <meta name='ocr-system' content='tesseract 3.04.00' />
  <meta name='ocr-capabilities' content='ocr_page ocr_carea ocr_par ocr_line ocrx_word'/>
</head>
<body>
  <div class='ocr_page' id='page_1' title='image "./carolilinnient04linn_0733.png"; bbox 0 0 1704 2620; ppageno 0'>
   <div class='ocr_carea' id='block_1_1' title="bbox 239 118 1374 278">
    <p class='ocr_par' dir='ltr' id='par_1_1' title="bbox 239 118 1374 278">
     <span class='ocr_line' id='line_1_1' title="bbox 239 118 1374 175; baseline 0.012 -14"><span class='ocrx_word' id='word_1_1' title='bbox 239 118 547 165; x_wconf 69' lang='lat' dir='ltr'>Partosor.</span> <span class='ocrx_word' id='word_1_2' title='bbox 578 123 868 169; x_wconf 68' lang='lat' dir='ltr'>Euromot..</span> <span class='ocrx_word' id='word_1_3' title='bbox 900 127 1174 173; x_wconf 68' lang='lat' dir='ltr'>Em‘romz.</span> <span class='ocrx_word' id='word_1_4' title='bbox 1216 131 1374 175; x_wconf 71' lang='lat' dir='ltr'>clxxxix</span> 
     </span>
     <span class='ocr_line' id='line_1_2' title="bbox 675 236 824 278; baseline 0.013 -2"><span class='ocrx_word' id='word_1_5' title='bbox 675 236 824 278; x_wconf 75' lang='lat' dir='ltr'>Artas.</span> 
     </span>
    </p>
   </div>
   <div class='ocr_carea' id='block_1_2' title="bbox 126 337 1387 2198">
    <p class='ocr_par' dir='ltr' id='par_1_2' title="bbox 130 337 1377 455">
     <span class='ocr_line' id='line_1_3' title="bbox 130 337 1377 404; baseline 0.012 -25"><span class='ocrx_word' id='word_1_6' title='bbox 130 337 254 380; x_wconf 68' lang='lat' dir='ltr'>Attus</span> <span class='ocrx_word' id='word_1_7' title='bbox 292 341 450 385; x_wconf 85' lang='lat' dir='ltr'>thoraci</span> <span class='ocrx_word' id='word_1_8' title='bbox 481 344 759 398; x_wconf 83' lang='lat' dir='ltr'>abdominique</span> <span class='ocrx_word' id='word_1_9' title='bbox 800 345 1048 388; x_wconf 71' lang='lat' dir='ltr'>adhaerentes</span> <span class='ocrx_word' id='word_1_10' title='bbox 1092 346 1180 389; x_wconf 87' lang='lat' dir='ltr'>sunt</span> <span class='ocrx_word' id='word_1_11' title='bbox 1219 353 1337 393; x_wconf 82' lang='lat' dir='ltr'>cauda</span> <span class='ocrx_word' id='word_1_12' title='bbox 1358 357 1377 404; x_wconf 86' lang='lat'>,‘</span> 
     </span>
     <span class='ocr_line' id='line_1_4' title="bbox 183 395 1131 455; baseline 0.007 -20"><span class='ocrx_word' id='word_1_13' title='bbox 183 395 342 438; x_wconf 89' lang='lat' dir='ltr'>aculeus</span> <span class='ocrx_word' id='word_1_14' title='bbox 361 428 374 448; x_wconf 84' lang='lat'><strong>,</strong></span> <span class='ocrx_word' id='word_1_15' title='bbox 403 402 522 452; x_wconf 89' lang='lat' dir='ltr'>pedes</span> <span class='ocrx_word' id='word_1_16' title='bbox 545 430 557 449; x_wconf 93' lang='lat'>‚</span> <span class='ocrx_word' id='word_1_17' title='bbox 586 400 681 447; x_wconf 86' lang='lat' dir='ltr'>alae,</span> <span class='ocrx_word' id='word_1_18' title='bbox 713 400 883 440; x_wconf 89' lang='lat' dir='ltr'>halteres</span> <span class='ocrx_word' id='word_1_19' title='bbox 901 430 913 448; x_wconf 95' lang='lat'>‚</span> <span class='ocrx_word' id='word_1_20' title='bbox 943 403 1131 455; x_wconf 61' lang='lat' dir='ltr'>pectines.</span> 
     </span>
    </p>

    <p class='ocr_par' dir='ltr' id='par_1_3' title="bbox 126 448 1378 560">
     <span class='ocr_line' id='line_1_5' title="bbox 126 448 1378 512; baseline 0.009 -24"><span class='ocrx_word' id='word_1_21' title='bbox 126 448 230 489; x_wconf 85' lang='lat' dir='ltr'>Usus</span> <span class='ocrx_word' id='word_1_22' title='bbox 259 454 392 492; x_wconf 70' lang='lat' dir='ltr'>cauda.»</span> <span class='ocrx_word' id='word_1_23' title='bbox 420 456 469 493; x_wconf 88' lang='lat' dir='ltr'>ad</span> <span class='ocrx_word' id='word_1_24' title='bbox 496 467 575 495; x_wconf 88' lang='lat' dir='ltr'>ova</span> <span class='ocrx_word' id='word_1_25' title='bbox 603 457 784 507; x_wconf 86' lang='lat' dir='ltr'>ponenda</span> <span class='ocrx_word' id='word_1_26' title='bbox 803 484 816 504; x_wconf 90' lang='lat'>‚</span> <span class='ocrx_word' id='word_1_27' title='bbox 848 457 897 495; x_wconf 85' lang='lat' dir='ltr'>ad</span> <span class='ocrx_word' id='word_1_28' title='bbox 922 466 1072 496; x_wconf 90' lang='lat' dir='ltr'>motum</span> <span class='ocrx_word' id='word_1_29' title='bbox 1103 457 1378 512; x_wconf 84' lang='lat' dir='ltr'>dirigendum,</span> 
     </span>
     <span class='ocr_line' id='line_1_6' title="bbox 181 505 836 560; baseline 0.008 -16"><span class='ocrx_word' id='word_1_30' title='bbox 181 505 252 545; x_wconf 83' lang='lat' dir='ltr'>vix</span> <span class='ocrx_word' id='word_1_31' title='bbox 281 511 452 560; x_wconf 80' lang='lat' dir='ltr'>unquam</span> <span class='ocrx_word' id='word_1_32' title='bbox 482 511 530 549; x_wconf 88' lang='lat' dir='ltr'>ad</span> <span class='ocrx_word' id='word_1_33' title='bbox 559 509 836 549; x_wconf 82' lang='lat' dir='ltr'>defenfionem.</span> 
     </span>
    </p>

    <p class='ocr_par' dir='ltr' id='par_1_4' title="bbox 127 558 1384 726">
     <span class='ocr_line' id='line_1_7' title="bbox 127 558 1381 619; baseline 0.006 -21"><span class='ocrx_word' id='word_1_34' title='bbox 127 558 303 600; x_wconf 82' lang='lat' dir='ltr'><em>Aculeus</em></span> <span class='ocrx_word' id='word_1_35' title='bbox 319 563 513 603; x_wconf 82' lang='lat' dir='ltr'>abdomen</span> <span class='ocrx_word' id='word_1_36' title='bbox 536 565 747 604; x_wconf 84' lang='lat' dir='ltr'>terminans</span> <span class='ocrx_word' id='word_1_37' title='bbox 763 595 775 612; x_wconf 87' lang='lat'>,</span> <span class='ocrx_word' id='word_1_38' title='bbox 805 564 972 605; x_wconf 84' lang='lat' dir='ltr'>bivalvis</span> <span class='ocrx_word' id='word_1_39' title='bbox 996 565 1115 606; x_wconf 85' lang='lat' dir='ltr'>setam</span> <span class='ocrx_word' id='word_1_40' title='bbox 1141 567 1381 619; x_wconf 66' lang='lat' dir='ltr'>punstoriatn</span> 
     </span>
     <span class='ocr_line' id='line_1_8' title="bbox 183 616 1384 675; baseline 0.006 -21"><span class='ocrx_word' id='word_1_41' title='bbox 183 616 347 669; x_wconf 87' lang='lat' dir='ltr'>rigidam</span> <span class='ocrx_word' id='word_1_42' title='bbox 365 616 561 658; x_wconf 87' lang='lat' dir='ltr'>exserens.</span> <span class='ocrx_word' id='word_1_43' title='bbox 588 621 895 672; x_wconf 83' lang='lat' dir='ltr'>Hymenopteris</span> <span class='ocrx_word' id='word_1_44' title='bbox 911 622 1090 674; x_wconf 85' lang='lat' dir='ltr'>proprius</span> <span class='ocrx_word' id='word_1_45' title='bbox 1106 651 1118 670; x_wconf 88' lang='lat'><em>‚</em></span> <span class='ocrx_word' id='word_1_46' title='bbox 1137 621 1384 675; x_wconf 87' lang='lat' dir='ltr'>distinguitur</span> 
     </span>
     <span class='ocr_line' id='line_1_9' title="bbox 183 671 915 726; baseline 0.007 -18"><span class='ocrx_word' id='word_1_47' title='bbox 183 681 206 708; x_wconf 86' lang='lat' dir='ltr'>a</span> <span class='ocrx_word' id='word_1_48' title='bbox 227 672 349 711; x_wconf 86' lang='lat' dir='ltr'>cauda</span> <span class='ocrx_word' id='word_1_49' title='bbox 367 702 379 721; x_wconf 90' lang='lat'>,</span> <span class='ocrx_word' id='word_1_50' title='bbox 407 671 530 726; x_wconf 83' lang='lat' dir='ltr'>figura</span> <span class='ocrx_word' id='word_1_51' title='bbox 549 703 561 723; x_wconf 91' lang='lat'>‚</span> <span class='ocrx_word' id='word_1_52' title='bbox 593 672 766 713; x_wconf 83' lang='lat' dir='ltr'>valvulis</span> <span class='ocrx_word' id='word_1_53' title='bbox 786 703 798 721; x_wconf 94' lang='lat'><strong>‚</strong></span> <span class='ocrx_word' id='word_1_54' title='bbox 832 673 915 713; x_wconf 82' lang='lat' dir='ltr'>usu.</span> 
     </span>
    </p>

    <p class='ocr_par' dir='ltr' id='par_1_5' title="bbox 132 721 1383 832">
     <span class='ocr_line' id='line_1_10' title="bbox 132 721 1383 782; baseline 0.006 -20"><span class='ocrx_word' id='word_1_55' title='bbox 132 721 231 774; x_wconf 75' lang='lat' dir='ltr'>Usits</span> <span class='ocrx_word' id='word_1_56' title='bbox 274 727 323 765; x_wconf 92' lang='lat' dir='ltr'>ad</span> <span class='ocrx_word' id='word_1_57' title='bbox 366 726 631 767; x_wconf 76' lang='lat' dir='ltr'>defensionem</span> <span class='ocrx_word' id='word_1_58' title='bbox 657 759 670 778; x_wconf 93' lang='lat'>,</span> <span class='ocrx_word' id='word_1_59' title='bbox 708 726 902 780; x_wconf 87' lang='lat' dir='ltr'>plerisque</span> <span class='ocrx_word' id='word_1_60' title='bbox 944 729 993 768; x_wconf 85' lang='lat' dir='ltr'>ad</span> <span class='ocrx_word' id='word_1_61' title='bbox 1035 741 1117 769; x_wconf 85' lang='lat' dir='ltr'>ova</span> <span class='ocrx_word' id='word_1_62' title='bbox 1161 730 1346 782; x_wconf 86' lang='lat' dir='ltr'>ponenda</span> <span class='ocrx_word' id='word_1_63' title='bbox 1366 751 1383 776; x_wconf 84' lang='lat'>‚-</span> 
     </span>
     <span class='ocr_line' id='line_1_11' title="bbox 184 780 755 832; baseline 0.004 -14"><span class='ocrx_word' id='word_1_64' title='bbox 184 780 369 832; x_wconf 85' lang='lat' dir='ltr'>imprimis</span> <span class='ocrx_word' id='word_1_65' title='bbox 395 782 461 821; x_wconf 91' lang='lat' dir='ltr'>ubi</span> <span class='ocrx_word' id='word_1_66' title='bbox 486 782 662 822; x_wconf 83' lang='lat' dir='ltr'>exesrtus</span> <span class='ocrx_word' id='word_1_67' title='bbox 688 782 755 820; x_wconf 84' lang='lat' dir='ltr'>est.</span> 
     </span>
    </p>

    <p class='ocr_par' dir='ltr' id='par_1_6' title="bbox 130 833 1387 991">
     <span class='ocr_line' id='line_1_12' title="bbox 130 833 1384 888; baseline 0.004 -16"><span class='ocrx_word' id='word_1_68' title='bbox 130 833 255 873; x_wconf 86' lang='lat' dir='ltr'>Pedes</span> <span class='ocrx_word' id='word_1_69' title='bbox 287 837 336 875; x_wconf 90' lang='lat' dir='ltr'>ad</span> <span class='ocrx_word' id='word_1_70' title='bbox 371 836 604 875; x_wconf 84' lang='lat' dir='ltr'>celeriorem</span> <span class='ocrx_word' id='word_1_71' title='bbox 634 844 784 872; x_wconf 89' lang='lat' dir='ltr'>motum</span> <span class='ocrx_word' id='word_1_72' title='bbox 813 835 1096 888; x_wconf 65' lang='lat' dir='ltr'>arstioremque</span> <span class='ocrx_word' id='word_1_73' title='bbox 1127 837 1384 878; x_wconf 67' lang='lat' dir='ltr'>adhaesionem</span> 
     </span>
     <span class='ocr_line' id='line_1_13' title="bbox 182 888 1387 942; baseline 0.004 -16"><span class='ocrx_word' id='word_1_74' title='bbox 182 889 334 940; x_wconf 62' lang='lat' dir='ltr'>peilori</span> <span class='ocrx_word' id='word_1_75' title='bbox 359 888 637 942; x_wconf 84' lang='lat' dir='ltr'>abdominique</span> <span class='ocrx_word' id='word_1_76' title='bbox 666 888 800 939; x_wconf 75' lang='lat' dir='ltr'>affixi3</span> <span class='ocrx_word' id='word_1_77' title='bbox 831 889 1011 930; x_wconf 88' lang='lat' dir='ltr'>constant</span> <span class='ocrx_word' id='word_1_78' title='bbox 1041 905 1139 930; x_wconf 81' lang='lat' dir='ltr'>coxa</span> <span class='ocrx_word' id='word_1_79' title='bbox 1155 921 1170 940; x_wconf 92' lang='lat'><em>,</em></span> <span class='ocrx_word' id='word_1_80' title='bbox 1204 891 1354 932; x_wconf 86' lang='lat' dir='ltr'>femore</span> <span class='ocrx_word' id='word_1_81' title='bbox 1372 921 1387 942; x_wconf 90' lang='lat'><strong>,</strong></span> 
     </span>
     <span class='ocr_line' id='line_1_14' title="bbox 183 940 461 991; baseline 0.007 -10"><span class='ocrx_word' id='word_1_82' title='bbox 183 940 282 981; x_wconf 86' lang='lat' dir='ltr'>tibia</span> <span class='ocrx_word' id='word_1_83' title='bbox 301 972 313 991; x_wconf 89' lang='lat'>‚</span> <span class='ocrx_word' id='word_1_84' title='bbox 342 941 461 983; x_wconf 83' lang='lat' dir='ltr'>tarso.</span> 
     </span>
    </p>

    <p class='ocr_par' dir='ltr' id='par_1_7' title="bbox 129 996 1382 1104">
     <span class='ocr_line' id='line_1_15' title="bbox 129 996 1382 1053; baseline 0.003 -17"><span class='ocrx_word' id='word_1_85' title='bbox 129 996 290 1037; x_wconf 82' lang='lat' dir='ltr'>Marum</span> <span class='ocrx_word' id='word_1_86' title='bbox 318 998 439 1049; x_wconf 89' lang='lat' dir='ltr'>pedes</span> <span class='ocrx_word' id='word_1_87' title='bbox 470 997 691 1038; x_wconf 83' lang='lat' dir='ltr'>anteriores</span> <span class='ocrx_word' id='word_1_88' title='bbox 723 997 860 1052; x_wconf 77' lang='lat' dir='ltr'>saepius</span> <span class='ocrx_word' id='word_1_89' title='bbox 884 999 932 1038; x_wconf 88' lang='lat' dir='ltr'>ad</span> <span class='ocrx_word' id='word_1_90' title='bbox 961 999 1165 1039; x_wconf 72' lang='lat' dir='ltr'>arffiorem</span> <span class='ocrx_word' id='word_1_91' title='bbox 1201 999 1382 1053; x_wconf 77' lang='lat' dir='ltr'>copulam</span> 
     </span>
     <span class='ocr_line' id='line_1_16' title="bbox 185 1051 376 1104; baseline -0.005 -14"><span class='ocrx_word' id='word_1_92' title='bbox 185 1051 376 1104; x_wconf 84' lang='lat' dir='ltr'>elongati.</span> 
     </span>
    </p>

    <p class='ocr_par' dir='ltr' id='par_1_8' title="bbox 131 1105 879 1158">
     <span class='ocr_line' id='line_1_17' title="bbox 131 1105 879 1158; baseline 0.003 -13"><span class='ocrx_word' id='word_1_93' title='bbox 131 1105 241 1145; x_wconf 81' lang='lat' dir='ltr'>Coxa</span> <span class='ocrx_word' id='word_1_94' title='bbox 267 1106 416 1145; x_wconf 73' lang='lat' dir='ltr'>thoraci</span> <span class='ocrx_word' id='word_1_95' title='bbox 440 1116 509 1145; x_wconf 83' lang='lat' dir='ltr'>aut</span> <span class='ocrx_word' id='word_1_96' title='bbox 533 1107 676 1158; x_wconf 66' lang='lat' dir='ltr'>pei-lori</span> <span class='ocrx_word' id='word_1_97' title='bbox 708 1121 879 1147; x_wconf 82' lang='lat' dir='ltr'>annexa.</span> 
     </span>
    </p>

    <p class='ocr_par' dir='ltr' id='par_1_9' title="bbox 130 1160 1158 1215">
     <span class='ocr_line' id='line_1_18' title="bbox 130 1160 1158 1215; baseline 0.003 -15"><span class='ocrx_word' id='word_1_98' title='bbox 130 1160 271 1200; x_wconf 85' lang='lat' dir='ltr'>Femur</span> <span class='ocrx_word' id='word_1_99' title='bbox 290 1190 304 1209; x_wconf 91' lang='lat'><em>,</em></span> <span class='ocrx_word' id='word_1_100' title='bbox 345 1160 523 1214; x_wconf 83' lang='lat' dir='ltr'>superior</span> <span class='ocrx_word' id='word_1_101' title='bbox 543 1162 731 1203; x_wconf 80' lang='lat' dir='ltr'>articulus</span> <span class='ocrx_word' id='word_1_102' title='bbox 763 1164 904 1215; x_wconf 89' lang='lat' dir='ltr'>pedum</span> <span class='ocrx_word' id='word_1_103' title='bbox 933 1162 1158 1204; x_wconf 67' lang='lat' dir='ltr'>annetstens.</span> 
     </span>
    </p>

    <p class='ocr_par' dir='ltr' id='par_1_10' title="bbox 130 1215 787 1257">
     <span class='ocr_line' id='line_1_19' title="bbox 130 1215 787 1257; baseline 0.005 -3"><span class='ocrx_word' id='word_1_104' title='bbox 130 1215 271 1254; x_wconf 83' lang='lat' dir='ltr'>Femur</span> <span class='ocrx_word' id='word_1_105' title='bbox 297 1229 383 1256; x_wconf 89' lang='lat' dir='ltr'>cum</span> <span class='ocrx_word' id='word_1_106' title='bbox 411 1228 513 1255; x_wconf 85' lang='lat' dir='ltr'>coxa</span> <span class='ocrx_word' id='word_1_107' title='bbox 541 1217 787 1257; x_wconf 83' lang='lat' dir='ltr'>articulatur.</span> 
     </span>
    </p>

    <p class='ocr_par' dir='ltr' id='par_1_11' title="bbox 133 1268 1325 1322">
     <span class='ocr_line' id='line_1_20' title="bbox 133 1268 1325 1322; baseline 0.003 -14"><span class='ocrx_word' id='word_1_108' title='bbox 133 1268 246 1309; x_wconf 84' lang='lat' dir='ltr'>Tibia</span> <span class='ocrx_word' id='word_1_109' title='bbox 263 1300 278 1318; x_wconf 88' lang='lat'><em>,</em></span> <span class='ocrx_word' id='word_1_110' title='bbox 307 1271 446 1309; x_wconf 79' lang='lat' dir='ltr'>tertius</span> <span class='ocrx_word' id='word_1_111' title='bbox 476 1272 583 1322; x_wconf 88' lang='lat' dir='ltr'>pedis</span> <span class='ocrx_word' id='word_1_112' title='bbox 614 1271 802 1311; x_wconf 85' lang='lat' dir='ltr'>articulus</span> <span class='ocrx_word' id='word_1_113' title='bbox 825 1271 928 1311; x_wconf 79' lang='lat' dir='ltr'>inter</span> <span class='ocrx_word' id='word_1_114' title='bbox 958 1271 1081 1311; x_wconf 84' lang='lat' dir='ltr'>femur</span> <span class='ocrx_word' id='word_1_115' title='bbox 1105 1273 1142 1312; x_wconf 87' lang='lat'>&amp;</span> <span class='ocrx_word' id='word_1_116' title='bbox 1169 1271 1325 1313; x_wconf 83' lang='lat' dir='ltr'>tar’sum.</span> 
     </span>
    </p>

    <p class='ocr_par' dir='ltr' id='par_1_12' title="bbox 135 1323 1380 1487">
     <span class='ocr_line' id='line_1_21' title="bbox 135 1323 1380 1379; baseline 0.003 -17"><span class='ocrx_word' id='word_1_117' title='bbox 135 1323 176 1362; x_wconf 85' lang='lat' dir='ltr'><em>T</em></span> <span class='ocrx_word' id='word_1_118' title='bbox 171 1325 299 1374; x_wconf 71' lang='lat' dir='ltr'>arfizs,</span> <span class='ocrx_word' id='word_1_119' title='bbox 325 1325 553 1378; x_wconf 85' lang='lat' dir='ltr'>plerumque</span> <span class='ocrx_word' id='word_1_120' title='bbox 571 1327 823 1375; x_wconf 86' lang='lat' dir='ltr'>articulatus,</span> <span class='ocrx_word' id='word_1_121' title='bbox 842 1328 979 1379; x_wconf 91' lang='lat' dir='ltr'>pedem</span> <span class='ocrx_word' id='word_1_122' title='bbox 1006 1327 1203 1366; x_wconf 83' lang='lat' dir='ltr'>terminat.</span> <span class='ocrx_word' id='word_1_123' title='bbox 1232 1328 1270 1365; x_wconf 83' lang='lat' dir='ltr'>A</span> <span class='ocrx_word' id='word_1_124' title='bbox 1299 1341 1380 1367; x_wconf 89' lang='lat' dir='ltr'>nu-</span> 
     </span>
     <span class='ocr_line' id='line_1_22' title="bbox 185 1380 1376 1421; baseline 0.002 -3"><span class='ocrx_word' id='word_1_125' title='bbox 185 1392 295 1419; x_wconf 86' lang='lat' dir='ltr'>mero</span> <span class='ocrx_word' id='word_1_126' title='bbox 343 1380 481 1419; x_wconf 81' lang='lat' dir='ltr'>horum</span> <span class='ocrx_word' id='word_1_127' title='bbox 523 1381 780 1421; x_wconf 87' lang='lat' dir='ltr'>articulorum</span> <span class='ocrx_word' id='word_1_128' title='bbox 820 1380 907 1420; x_wconf 74' lang='lat' dir='ltr'>tarsi</span> <span class='ocrx_word' id='word_1_129' title='bbox 949 1382 1107 1421; x_wconf 84' lang='lat' dir='ltr'>ordines</span> <span class='ocrx_word' id='word_1_130' title='bbox 1147 1381 1376 1421; x_wconf 68' lang='lat' dir='ltr'>infestorum</span> 
     </span>
     <span class='ocr_line' id='line_1_23' title="bbox 187 1433 1265 1487; baseline 0 -14"><span class='ocrx_word' id='word_1_131' title='bbox 187 1433 364 1474; x_wconf 89' lang='lat' dir='ltr'>desumfit</span> <span class='ocrx_word' id='word_1_132' title='bbox 390 1435 447 1473; x_wconf 90' lang='lat' dir='ltr'>D.</span> <span class='ocrx_word' id='word_1_133' title='bbox 473 1433 595 1487; x_wconf 71' lang='lat' dir='ltr'>GeoffI</span> <span class='ocrx_word' id='word_1_134' title='bbox 1255 1463 1265 1473; x_wconf 91' lang='lat'>.</span> 
     </span>
    </p>

    <p class='ocr_par' dir='ltr' id='par_1_13' title="bbox 129 1487 1379 1597">
     <span class='ocr_line' id='line_1_24' title="bbox 129 1487 1379 1543; baseline 0.001 -14"><span class='ocrx_word' id='word_1_135' title='bbox 129 1487 227 1529; x_wconf 80' lang='lat' dir='ltr'>&#39;Alae</span> <span class='ocrx_word' id='word_1_136' title='bbox 248 1490 295 1528; x_wconf 84' lang='lat' dir='ltr'>ad</span> <span class='ocrx_word' id='word_1_137' title='bbox 325 1488 557 1529; x_wconf 84' lang='lat' dir='ltr'>celeriorem</span> <span class='ocrx_word' id='word_1_138' title='bbox 585 1488 716 1543; x_wconf 74' lang='lat' dir='ltr'>fugam</span> <span class='ocrx_word' id='word_1_139' title='bbox 743 1489 897 1530; x_wconf 84' lang='lat' dir='ltr'>thoraci</span> <span class='ocrx_word' id='word_1_140' title='bbox 924 1489 1047 1530; x_wconf 81' lang='lat' dir='ltr'>affixae</span> <span class='ocrx_word' id='word_1_141' title='bbox 1078 1490 1197 1540; x_wconf 79' lang='lat' dir='ltr'>sunt3</span> <span class='ocrx_word' id='word_1_142' title='bbox 1226 1490 1250 1529; x_wconf 77' lang='lat' dir='ltr'>st</span> <span class='ocrx_word' id='word_1_143' title='bbox 1272 1489 1379 1531; x_wconf 89' lang='lat' dir='ltr'>crus-</span> 
     </span>
     <span class='ocr_line' id='line_1_25' title="bbox 190 1544 1147 1597; baseline 0.002 -14"><span class='ocrx_word' id='word_1_144' title='bbox 190 1554 313 1583; x_wconf 81' lang='lat' dir='ltr'>taceae</span> <span class='ocrx_word' id='word_1_145' title='bbox 332 1574 344 1593; x_wconf 92' lang='lat'>‚</span> <span class='ocrx_word' id='word_1_146' title='bbox 382 1544 509 1597; x_wconf 80' lang='lat' dir='ltr'>elytra</span> <span class='ocrx_word' id='word_1_147' title='bbox 528 1559 544 1595; x_wconf 84' lang='lat'>‚·</span> <span class='ocrx_word' id='word_1_148' title='bbox 577 1546 601 1583; x_wconf 82' lang='lat' dir='ltr'>fi</span> <span class='ocrx_word' id='word_1_149' title='bbox 635 1545 773 1584; x_wconf 86' lang='lat' dir='ltr'>molles</span> <span class='ocrx_word' id='word_1_150' title='bbox 793 1575 805 1589; x_wconf 82' lang='lat'>,</span> <span class='ocrx_word' id='word_1_151' title='bbox 835 1545 906 1584; x_wconf 82' lang='lat' dir='ltr'>alae</span> <span class='ocrx_word' id='word_1_152' title='bbox 935 1555 1147 1585; x_wconf 75' lang='lat' dir='ltr'>vocantur.</span> 
     </span>
    </p>

    <p class='ocr_par' dir='ltr' id='par_1_14' title="bbox 134 1598 1381 1761">
     <span class='ocr_line' id='line_1_26' title="bbox 134 1598 1379 1652; baseline 0.002 -14"><span class='ocrx_word' id='word_1_153' title='bbox 134 1599 279 1652; x_wconf 70' lang='lat' dir='ltr'>Elytra</span> <span class='ocrx_word' id='word_1_154' title='bbox 302 1628 316 1645; x_wconf 89' lang='lat'><em>,</em></span> <span class='ocrx_word' id='word_1_155' title='bbox 346 1598 417 1639; x_wconf 84' lang='lat' dir='ltr'>alae</span> <span class='ocrx_word' id='word_1_156' title='bbox 458 1598 559 1638; x_wconf 82' lang='lat' dir='ltr'>hinae</span> <span class='ocrx_word' id='word_1_157' title='bbox 598 1599 817 1651; x_wconf 80' lang='lat' dir='ltr'>superiores</span> <span class='ocrx_word' id='word_1_158' title='bbox 854 1629 865 1648; x_wconf 90' lang='lat'>,</span> <span class='ocrx_word' id='word_1_159' title='bbox 910 1599 1116 1639; x_wconf 80' lang='lat' dir='ltr'>cruflaceae</span> <span class='ocrx_word' id='word_1_160' title='bbox 1140 1626 1153 1645; x_wconf 92' lang='lat'><strong><em>,</em></strong></span> <span class='ocrx_word' id='word_1_161' title='bbox 1186 1598 1379 1640; x_wconf 83' lang='lat' dir='ltr'>abdomen</span> 
     </span>
     <span class='ocr_line' id='line_1_27' title="bbox 189 1653 1381 1706; baseline 0 -14"><span class='ocrx_word' id='word_1_162' title='bbox 189 1662 343 1706; x_wconf 84' lang='lat' dir='ltr'>tegunt.</span> <span class='ocrx_word' id='word_1_163' title='bbox 378 1657 421 1693; x_wconf 91' lang='lat' dir='ltr'>In</span> <span class='ocrx_word' id='word_1_164' title='bbox 453 1653 675 1705; x_wconf 83' lang='lat' dir='ltr'>quibusdam</span> <span class='ocrx_word' id='word_1_165' title='bbox 708 1654 882 1694; x_wconf 80' lang='lat' dir='ltr'>claffibus</span> <span class='ocrx_word' id='word_1_166' title='bbox 911 1663 1082 1693; x_wconf 87' lang='lat' dir='ltr'>connata</span> <span class='ocrx_word' id='word_1_167' title='bbox 1110 1653 1258 1694; x_wconf 82' lang='lat' dir='ltr'>sunt&amp;</span> <span class='ocrx_word' id='word_1_168' title='bbox 1282 1663 1381 1693; x_wconf 80' lang='lat' dir='ltr'>tune</span> 
     </span>
     <span class='ocr_line' id='line_1_28' title="bbox 189 1708 922 1761; baseline 0.001 -14"><span class='ocrx_word' id='word_1_169' title='bbox 189 1709 260 1748; x_wconf 85' lang='lat' dir='ltr'>alae</span> <span class='ocrx_word' id='word_1_170' title='bbox 291 1708 448 1761; x_wconf 84' lang='lat' dir='ltr'>posticae</span> <span class='ocrx_word' id='word_1_171' title='bbox 481 1710 517 1749; x_wconf 72' lang='grc' dir='ltr'>ὃ(</span> <span class='ocrx_word' id='word_1_172' title='bbox 545 1708 745 1748; x_wconf 85' lang='lat' dir='ltr'>scutellum</span> <span class='ocrx_word' id='word_1_173' title='bbox 773 1709 922 1748; x_wconf 85' lang='lat' dir='ltr'>desunt.</span> 
     </span>
    </p>

    <p class='ocr_par' dir='ltr' id='par_1_15' title="bbox 132 1760 1378 1871">
     <span class='ocr_line' id='line_1_29' title="bbox 132 1760 1378 1815; baseline -0.002 -11"><span class='ocrx_word' id='word_1_174' title='bbox 132 1762 229 1804; x_wconf 77' lang='lat' dir='ltr'>&#39;Alae</span> <span class='ocrx_word' id='word_1_175' title='bbox 270 1762 576 1804; x_wconf 75' lang='lat' dir='ltr'>membranaceae</span> <span class='ocrx_word' id='word_1_176' title='bbox 614 1761 792 1803; x_wconf 87' lang='lat' dir='ltr'>nervosae</span> <span class='ocrx_word' id='word_1_177' title='bbox 839 1764 878 1802; x_wconf 93' lang='lat' dir='ltr'>in</span> <span class='ocrx_word' id='word_1_178' title='bbox 924 1762 1177 1815; x_wconf 89' lang='lat' dir='ltr'>lepidopteris</span> <span class='ocrx_word' id='word_1_179' title='bbox 1213 1760 1378 1814; x_wconf 85' lang='lat' dir='ltr'>squamis</span> 
     </span>
     <span class='ocr_line' id='line_1_30' title="bbox 187 1819 807 1871; baseline -0.002 -13"><span class='ocrx_word' id='word_1_180' title='bbox 187 1819 353 1867; x_wconf 73' lang='lat' dir='ltr'>ereffis,</span> <span class='ocrx_word' id='word_1_181' title='bbox 385 1819 573 1858; x_wconf 84' lang='lat' dir='ltr'>coloratis</span> <span class='ocrx_word' id='word_1_182' title='bbox 604 1827 807 1871; x_wconf 88' lang='lat' dir='ltr'>teguntur.</span> 
     </span>
    </p>

    <p class='ocr_par' dir='ltr' id='par_1_16' title="bbox 133 1870 1380 2075">
     <span class='ocr_line' id='line_1_31' title="bbox 133 1870 1377 1924; baseline -0.001 -13"><span class='ocrx_word' id='word_1_183' title='bbox 133 1872 311 1912; x_wconf 82' lang='lat' dir='ltr'>Halteres</span> <span class='ocrx_word' id='word_1_184' title='bbox 354 1874 571 1912; x_wconf 86' lang='lat' dir='ltr'>rudimenta</span> <span class='ocrx_word' id='word_1_185' title='bbox 602 1873 749 1911; x_wconf 76' lang='lat' dir='ltr'>alarum</span> <span class='ocrx_word' id='word_1_186' title='bbox 782 1871 1012 1924; x_wconf 84' lang='lat' dir='ltr'>posticarum</span> <span class='ocrx_word' id='word_1_187' title='bbox 1045 1870 1113 1911; x_wconf 89' lang='lat' dir='ltr'>sub</span> <span class='ocrx_word' id='word_1_188' title='bbox 1144 1871 1214 1910; x_wconf 84' lang='lat' dir='ltr'>alis</span> <span class='ocrx_word' id='word_1_189' title='bbox 1244 1872 1377 1923; x_wconf 84' lang='lat' dir='ltr'>dipte-</span> 
     </span>
     <span class='ocr_line' id='line_1_32' title="bbox 187 1925 1380 1979; baseline -0.001 -14"><span class='ocrx_word' id='word_1_190' title='bbox 187 1940 320 1966; x_wconf 86' lang='lat' dir='ltr'>rorum</span> <span class='ocrx_word' id='word_1_191' title='bbox 356 1926 533 1967; x_wconf 63' lang='lat' dir='ltr'>coustant</span> <span class='ocrx_word' id='word_1_192' title='bbox 563 1936 629 1966; x_wconf 80' lang='lat' dir='ltr'>aut</span> <span class='ocrx_word' id='word_1_193' title='bbox 661 1926 834 1979; x_wconf 83' lang='lat' dir='ltr'>capitulo</span> <span class='ocrx_word' id='word_1_194' title='bbox 865 1926 1059 1979; x_wconf 83' lang='lat' dir='ltr'>petiolato</span> <span class='ocrx_word' id='word_1_195' title='bbox 1080 1954 1090 1970; x_wconf 89' lang='lat'>‚</span> <span class='ocrx_word' id='word_1_196' title='bbox 1129 1935 1195 1965; x_wconf 87' lang='lat' dir='ltr'>aut</span> <span class='ocrx_word' id='word_1_197' title='bbox 1226 1925 1380 1977; x_wconf 83' lang='lat' dir='ltr'>squama</span> 
     </span>
     <span class='ocr_line' id='line_1_33' title="bbox 186 1980 1376 2033; baseline -0.001 -14"><span class='ocrx_word' id='word_1_198' title='bbox 186 1982 481 2021; x_wconf 83' lang='lat' dir='ltr'>membranacea</span> <span class='ocrx_word' id='word_1_199' title='bbox 519 1980 727 2022; x_wconf 86' lang='lat' dir='ltr'>fornicata.</span> <span class='ocrx_word' id='word_1_200' title='bbox 763 1981 863 2021; x_wconf 89' lang='lat' dir='ltr'>Usus</span> <span class='ocrx_word' id='word_1_201' title='bbox 886 1983 934 2021; x_wconf 84' lang='lat' dir='ltr'>ad</span> <span class='ocrx_word' id='word_1_202' title='bbox 955 1980 1212 2033; x_wconf 89' lang='lat' dir='ltr'>aequilibrium</span> <span class='ocrx_word' id='word_1_203' title='bbox 1242 1981 1376 2019; x_wconf 73' lang='lat' dir='ltr'>melius</span> 
     </span>
     <span class='ocr_line' id='line_1_34' title="bbox 184 2035 676 2075; baseline 0 -1"><span class='ocrx_word' id='word_1_204' title='bbox 184 2035 471 2075; x_wconf 82' lang='lat' dir='ltr'>observandum</span> <span class='ocrx_word' id='word_1_205' title='bbox 505 2037 676 2075; x_wconf 87' lang='lat' dir='ltr'>videtur.</span> 
     </span>
    </p>

    <p class='ocr_par' dir='ltr' id='par_1_17' title="bbox 135 2087 1374 2198">
     <span class='ocr_line' id='line_1_35' title="bbox 135 2087 1374 2143; baseline -0.001 -15"><span class='ocrx_word' id='word_1_206' title='bbox 135 2089 306 2129; x_wconf 73' lang='lat' dir='ltr'>PeHz&#39;nes</span> <span class='ocrx_word' id='word_1_207' title='bbox 333 2091 411 2129; x_wconf 88' lang='lat' dir='ltr'>bini</span> <span class='ocrx_word' id='word_1_208' title='bbox 438 2092 541 2129; x_wconf 87' lang='lat' dir='ltr'>inter</span> <span class='ocrx_word' id='word_1_209' title='bbox 558 2090 751 2130; x_wconf 86' lang='lat' dir='ltr'>abdomen</span> <span class='ocrx_word' id='word_1_210' title='bbox 774 2092 809 2131; x_wconf 72' lang='grc' dir='ltr'>ὃ(</span> <span class='ocrx_word' id='word_1_211' title='bbox 840 2090 970 2143; x_wconf 68' lang='grc' dir='ltr'>ρεέὶυς</span> <span class='ocrx_word' id='word_1_212' title='bbox 999 2090 1222 2136; x_wconf 85' lang='lat' dir='ltr'>adhaerent,</span> <span class='ocrx_word' id='word_1_213' title='bbox 1248 2087 1374 2130; x_wconf 84' lang='lat' dir='ltr'>altero</span> 
     </span>
     <span class='ocr_line' id='line_1_36' title="bbox 190 2143 1184 2198; baseline 0.001 -15"><span class='ocrx_word' id='word_1_214' title='bbox 190 2144 315 2186; x_wconf 81' lang='lat' dir='ltr'>latere</span> <span class='ocrx_word' id='word_1_215' title='bbox 339 2147 491 2186; x_wconf 79' lang='lat' dir='ltr'>dentati</span> <span class='ocrx_word' id='word_1_216' title='bbox 516 2143 617 2186; x_wconf 87' lang='lat' dir='ltr'>sunt.</span> <span class='ocrx_word' id='word_1_217' title='bbox 650 2145 750 2186; x_wconf 88' lang='lat' dir='ltr'>Usus</span> <span class='ocrx_word' id='word_1_218' title='bbox 776 2147 902 2186; x_wconf 81' lang='lat' dir='ltr'>adhuc</span> <span class='ocrx_word' id='word_1_219' title='bbox 931 2145 1045 2198; x_wconf 78' lang='lat' dir='ltr'>plane</span> <span class='ocrx_word' id='word_1_220' title='bbox 1075 2144 1184 2184; x_wconf 79' lang='lat' dir='ltr'>latet.</span> 
     </span>
    </p>
   </div>
  </div>
 </body>
</html>
