1704 2620
295 117 536 161 instet-A
566 115 813 157 APTERA.
844 114 1106 158 Monoculus.
1246 120 1324 169 175

396 226 512 278 Dese.
525 226 640 268 Testa
656 227 800 269 semine
825 227 998 268 brafficae
1013 225 1165 279 major,
1180 233 1302 265 ovata
1317 254 1333 274 ,

451 281 751 337 oblonguiscula
768 311 781 330 ,
812 284 997 336 utrinque
1025 280 1214 333 aequalis,
1254 292 1333 317 an-

453 339 535 378 tice
566 338 686 392 gibba
722 340 759 379 δι
796 351 929 391 parum
971 334 1101 377 retusa
1152 336 1335 386 adeoque

453 392 584 435 similis
612 394 766 434 concha
787 423 799 442 ‚
837 393 903 433 sed
937 393 978 432 in
1018 391 1183 432 conchis
1216 402 1335 442 aper-

454 457 547 488 tura
579 447 632 488 est
680 462 702 488 a
748 449 872 488 latere
914 448 1100 487 tenuiore
1139 447 1175 485 ὅτ
1211 444 1335 484 cardo

458 503 526 543 nbi
563 503 679 557 gibba
713 503 836 556 magis
874 502 960 551 est3
1000 511 1144 542 contra
1167 512 1268 540 vero
1295 499 1338 538 in

458 559 562 607 hac3
597 558 683 598 haec
708 558 881 598 extradia
913 569 962 596 ex
988 558 1100 609 aquis
1124 564 1211 595 tota
1237 553 1340 594 clau-

458 614 599 662 ditur,
653 623 697 653 ut
744 614 927 652 crederes
967 610 1097 651 semen
1141 609 1340 662 cujusdam

451 668 634 722 rplantae3
675 669 716 707 in
757 667 867 718 aquis
909 668 1000 706 dum
1039 666 1151 712 hiat,
1189 664 1342 716 jurares

461 722 658 764 concham
708 720 799 761 esse.
850 721 1047 760 Celeriter
1094 719 1220 760 fertur
1270 731 1344 771 per

459 789 616 829 aquas,
672 776 730 814 uti
775 775 917 827 reliqui
968 774 1202 823 monoculi,
1245 772 1345 812 testa

460 833 622 872 cinerea
648 832 798 882 impura
821 828 887 869 est.
903 831 1009 868 Dum
1037 829 1163 882 aperit
1181 825 1345 876 testam,

460 885 607 926 exserit
635 886 780 925 multos
817 884 982 936 capillos
1012 882 1209 936 aequales,
1237 881 1348 922 albi-

461 942 538 982 dos
557 969 568 988 ,
606 941 645 980 in
676 939 802 980 altera
834 940 1087 980 extremitate
1116 947 1344 992 aperturae3

461 995 537 1036 hos
555 994 719 1049 capillos
737 995 963 1035 moritando
985 992 1110 1034 fertur
1135 993 1248 1048 agilis
1275 1005 1348 1045 per

463 1062 585 1103 aquas
603 1081 615 1101 ‚
637 1063 718 1091 non
745 1049 909 1102 quiescit
934 1059 1146 1101 antequam
1173 1047 1241 1088 vel
1271 1060 1351 1087 co-

464 1106 620 1146 chleam
659 1105 726 1146 vel
761 1105 921 1157 aliquod
956 1103 1140 1143 terrestre
1170 1103 1350 1155 reperit,

466 1161 532 1202 hic
571 1160 747 1201 consedit
794 1173 882 1200 cum
927 1158 1042 1198 sociis
1093 1158 1276 1198 lubenter
1312 1157 1352 1197 δί

469 1217 634 1270 pedibus
672 1214 784 1267 supra
830 1215 909 1255 hoc
953 1225 1098 1265 corpus
1135 1213 1284 1253 incedit
1313 1212 1354 1251 &

469 1270 655 1326 affigitur.
692 1273 841 1310 Totum
886 1281 1032 1321 corpus
1073 1268 1177 1307 intra
1216 1265 1354 1307 testam

472 1325 571 1366 latet
589 1355 600 1372 ,
633 1327 722 1365 dum
749 1324 927 1377 quiescit.
969 1323 1090 1363 Faun.
1118 1332 1240 1370 2050.

422 1379 514 1431 Obf.
531 1383 657 1421 AEtate
671 1382 800 1420 variat
816 1380 1046 1434 magnitudo
1059 1407 1074 1425 ,
1093 1377 1205 1419 color
1230 1376 1356 1431 magis

472 1435 650 1479 minusve
684 1436 836 1476 viridis·

119 1546 347 1589 Lenticula-
373 1557 414 1598 7.
448 1548 509 1585 M.
545 1545 620 1597 (le
664 1545 957 1595 lenticulaire)
1005 1543 1100 1584 testa
1140 1539 1356 1595 compreffa

96 1604 165 1644 ris.
478 1599 710 1640 lentiformi.
742 1602 759 1619 ⁴‘

426 1654 524 1694 Hah.
553 1657 589 1694 in
626 1656 816 1697 Filandia.
858 1654 1052 1694 Uddman.

426 1709 541 1760 Dese.
593 1708 632 1748 T
628 1711 699 1760 esta
747 1711 861 1750 valde
918 1707 1133 1761 compreffa
1181 1706 1360 1760 margine

483 1775 630 1812 acuto,
659 1764 869 1816 pellucida.
898 1766 1087 1804 Latitudo
1105 1763 1244 1803 extimi
1261 1761 1361 1801 arti-

481 1819 561 1860 culi
589 1821 719 1873 digiti.
759 1820 881 1860 Faun.
907 1828 1031 1868 2051.

487 1929 549 1969 Ex
580 1946 683 1982 oper.
719 1929 771 1970 D.
803 1931 848 1969 de
881 1928 996 1971 Geer.

102 2041 339 2097 Bispinosus.
379 2041 418 2081 8.
451 2042 512 2081 M.
546 2041 829 2095 (l’epineux)
871 2040 1042 2082 brachiis
1084 2041 1323 2081 dichotomis
1350 2049 1368 2088 ,'

485 2099 614 2150 capite
660 2097 860 2146 rostrato,
896 2098 1021 2136 cauda
1052 2095 1195 2136 inflexa
1219 2126 1231 2146 ‚
1268 2096 1366 2135 testa

483 2152 630 2204 postice
679 2151 842 2206 spinosa.
882 2165 974 2191 tom.
997 2162 1037 2205 7.
1073 2168 1115 2203 p.
1135 2151 1230 2204 463.
1263 2167 1302 2190 n.
1324 2160 1367 2203 3.

434 2214 557 2303 Falli.3
576 2218 641 2303 ’6.4
668 2263 868 2303 Antemnis
921 2261 1161 2302 dichotomis
1181 2290 1194 2308 ‚
1243 2261 1369 2301 cauda

489 2318 656 2366 inflexa,
683 2318 774 2358 testa
805 2317 950 2370 postice
978 2317 1180 2356 bidentata
1199 2344 1210 2364 ,
1237 2316 1369 2369 capite

487 2383 726 2413 acuminato·
