1704 2620
373 113 452 166 336

618 120 1133 159 ILLus‘rRATmNES.
1165 119 1374 173 BuprestiS.

702 227 803 266 Hah.
833 224 957 265 Halae.
997 226 1056 269 D.
1084 226 1252 280 Hybner.

699 282 815 330 Dese.
860 282 1012 321 Media.
1051 281 1252 323 Antennae
1280 285 1416 338 nigrae.
1453 283 1577 335 Caput
1600 284 1644 324 &c

753 336 898 373 tlzorax
925 337 1093 386 viridia,
1121 338 1310 388 obscura,
1332 340 1448 379 laevia
1463 368 1475 384 ‚
1499 339 1638 377 imma-

755 389 901 429 culata.
916 391 1059 445 Elytra
1071 393 1318 442 obscuriora,
1333 396 1510 448 margine
1527 401 1639 433 exte-

754 446 862 486 riore
889 445 969 487 late
995 460 1133 489 aureo.
1167 447 1317 501 Corpus
1347 461 1549 502 cupreum.

502 554 631 596 Elata.
661 557 706 595 B.
738 557 756 606 (
783 555 1009 610 l’ele'gant)
1039 556 1180 611 elytris
1213 559 1480 612 integerrimis
1505 556 1638 596 linea-

751 610 859 650 ribus
877 642 889 659 ‚
918 624 1089 665 corpore
1118 613 1310 667 elongato
1341 626 1463 653 aureo
1492 613 1638 652 nitido.

752 664 929 716 Mantzffss
956 666 1055 718 Bup.
1085 665 1151 717 84.

694 721 796 760 Hah.
824 722 1177 762 Halae-Saxonum.
1213 722 1265 763 D.
1299 722 1472 776 Hybner.

696 776 813 824 Dese.
833 778 991 815 Statura
1009 777 1099 828 bup.
1117 789 1217 828 atrae
1231 777 1406 832 oblonga
1419 806 1432 825 ,
1452 786 1492 817 at
1509 776 1639 817 minor

754 831 793 870 &
815 839 903 870 tota
929 844 1038 871 aenea
1064 833 1201 872 nitida.

472 939 633 982 Brutea.
661 941 709 982 B.
742 943 760 993 (
786 940 825 981 le
851 941 1058 981 Calabrois
1083 943 1099 991 )
1138 942 1249 996 nigra
1277 943 1427 994 punffis
1455 941 1637 982 albican-

751 996 858 1036 tibus
870 997 1074 1044 'maculata
1090 1027 1102 1046 ‚
1125 995 1291 1036 thorace
1313 997 1512 1037 varioloso
1532 997 1639 1036 dila-

750 1060 839 1090 tato
865 1051 1085 1101 albidiore‚
1119 1050 1281 1092 maculis
1309 1053 1482 1104 quinque
1513 1052 1638 1105 nigris

753 1114 913 1146 notato.

696 1159 798 1201 Hah.
829 1161 870 1199 in
910 1163 1084 1213 Europa.
1122 1163 1167 1200 In
1201 1159 1398 1200 Ulteriori
1439 1159 1638 1202 Calabria.

759 1215 945 1256 Vincent.
976 1216 1141 1267 Petagn.
1171 1229 1200 1254 τ.
1225 1218 1264 1269 f,
1294 1227 1372 1256 ΧΧ.
1412 1231 1451 1255 n.
1476 1213 1565 1254 108.

697 1268 813 1320 Dese.
847 1273 942 1310 Haec
980 1284 1002 1309 e
1046 1272 1224 1310 maximis
1266 1270 1332 1309 est.
1380 1269 1483 1309 Tota
1525 1271 1640 1323 nigra

748 1326 954 1378 punciata‚
978 1326 1130 1377 punctis
1147 1324 1385 1378 maculisque
1406 1325 1504 1364 albis
1523 1323 1635 1364 cons-

748 1380 874 1433 persa.
903 1379 1028 1419 Frons
1055 1381 1290 1420 orbicularis
1307 1411 1320 1429 ,
1345 1381 1496 1433 punffis
1523 1380 1637 1420 albis.

754 1434 919 1474 lenrax
955 1436 1117 1474 maculis
1154 1437 1325 1487 quinque
1354 1436 1476 1488 nigris
1503 1435 1639 1474 nitidis

753 1489 860 1529 inter
919 1489 1142 1529 albedinem
1191 1490 1426 1529 maculatam
1479 1489 1593 1542 ipsius
1622 1519 1638 1539 ‚

755 1557 918 1596 quarum
948 1546 1034 1582 duae
1062 1545 1103 1583 in
1134 1544 1286 1597 singulo
1318 1545 1468 1592 latere3
1500 1544 1640 1595 quinta

751 1599 792 1638 in
824 1599 954 1638 medio
981 1598 1171 1639 thoracis.
1198 1602 1243 1638 In
1269 1600 1346 1638 basi
1372 1609 1464 1639 ante
1493 1598 1639 1638 scutel-

754 1653 835 1693 lum
863 1653 986 1694 fovea
1011 1654 1278 1708 triangularis.
1297 1654 1442 1706 Elytra
1463 1654 1639 1693 sulcato-

751 1709 935 1761 punctata
954 1739 968 1758 ‚
995 1709 1158 1749 maculis
1187 1708 1413 1762 punctisque
1443 1708 1556 1748 albis.

703 1762 792 1814 obst
821 1765 920 1803 Cum
953 1765 1045 1817 bup.
1076 1766 1325 1812 tenebrione,
1357 1777 1437 1803 non
1467 1761 1640 1803 confun-

754 1820 898 1859 denda.
946 1818 1133 1858 Distin&a
1181 1821 1283 1859 enim
1326 1818 1505 1871 specieS,
1548 1831 1638 1858 cum

751 1873 857 1913 illius
896 1873 1073 1913 diversus
1106 1873 1220 1913 sexus
1254 1886 1337 1913 non
1372 1873 1416 1912 fit
1446 1882 1565 1925 atque
1593 1875 1637 1914 in

752 1927 889 1967 diffitis
920 1928 1019 1968 locis
1057 1929 1315 1968 inveniantur
1345 1929 1382 1968 δε
1409 1928 1449 1967 in
1477 1928 1640 1969 diversis

751 1982 897 2035 plantis
930 1982 1155 2023 constanter
1186 1983 1383 2024 habitent.
1409 1982 1511 2024 Ibid.

386 2091 643 2148 Stephanelli.
672 2094 720 2134 B.
752 2094 771 2144 (
796 2093 833 2133 le
867 2093 1145 2147 Stephanelli)
1179 2094 1446 2135 viridi-aurea
1473 2095 1604 2135 nitens
1620 2104 1639 2144 ,‘

753 2147 922 2188 thorace
956 2149 1072 2188 lineis
1099 2147 1213 2189 fuscis
1244 2149 1387 2202 elytris
1413 2150 1595 2204 integris.

696 2203 800 2244 Hah.
847 2204 887 2242 in
948 2204 1144 2243 Ulteriori
1193 2204 1390 2245 Calabria.
1452 2205 1636 2245 Vincent.

753 2258 920 2309 Petagn.
943 2259 1105 2309 specim.
1133 2275 1173 2298 n.
1202 2270 1295 2299 110.

702 2312 817 2363 Defit.
863 2312 1012 2365 Corpus
1056 2313 1275 2367 oblongum
1315 2313 1454 2355 colore
1492 2313 1637 2354 viridi-

754 2381 878 2412 aureo
896 2367 1127 2422 splendente
1145 2368 1310 2415 sericeo.
1333 2369 1446 2409 Oculi
1441 2367 1638 2463 sti-estacei.

1486 2435 1640 2464 nlennae
