1704 2620
299 117 381 163 13²

563 109 807 150 INSBCTA
836 108 1085 152 APTERA.
1114 110 1298 165 Scorpio.

627 215 727 259 Hah.
757 217 797 257 in
827 219 1019 273 Europa,
1050 222 1218 262 maxime
1237 219 1432 262 Australi:
1461 217 1564 263 Tera-

682 272 780 327 gesti
804 272 1001 316 innocuus
1015 275 1157 318 Enum.
1174 279 1222 317 In
1243 275 1374 317 Gallia
1388 275 1502 318 Aust.

679 329 720 367 in
744 327 886 378 Italia,
922 331 1002 372 διε.

625 377 742 432 Dese.
772 381 885 423 Oculi
909 385 990 425 duo
1019 386 1129 427 craffi
1155 386 1306 428 elevati
1337 387 1470 441 nigri;
1499 386 1567 429 sex

678 437 745 478 alii
787 437 1009 482 transverse
1047 441 1232 495 dispositi.
1279 441 1417 482 Chelae
1451 442 1566 495 supra

678 491 907 546 angulatae,
937 496 987 535 ad
1007 497 1166 536 modum
1193 496 1379 551 angustae.
1415 497 1565 537 Caudae

676 548 790 590 nodii
821 548 889 589 sex
913 549 1028 603 supra
1060 552 1264 602 concavi,
1302 551 1437 592 subtus
1463 565 1566 592 con-

678 604 806 654 vexi,
835 605 977 646 ultimo
1020 605 1130 646 ovali
1159 616 1380 660 pungente.
1423 608 1562 648 Gauda

682 658 751 699 sub
787 659 931 700 aculeo
963 671 1213 702 mucronata.

628 714 720 766 Obs.
736 724 773 754 1.
787 715 1052 769 Scorpionum
1070 714 1281 757 oculorum
1297 728 1484 756 numerus
1499 729 1566 757 va-

676 771 778 820 riat,
802 782 944 824 nempe
969 771 1090 812 modo
1106 769 1158 820 8,
1185 772 1307 811 modo
1320 770 1361 812 6.
1381 771 1564 811 Peffines

676 827 719 867 in
745 826 882 866 eadem
899 825 1029 879 specie
1047 839 1215 867 numero
1238 826 1414 867 variant.
1431 827 1568 866 Gauda

678 882 719 922 in
746 880 927 921 omnibus
950 881 1128 921 articulis
1152 880 1244 931 sex,
1264 893 1433 934 quorum
1450 881 1569 934 quin—

680 949 757 989 que
789 936 903 987 prjmi
938 936 1175 976 membranis
1212 935 1336 989 juniii
1352 963 1367 983 ,
1403 937 1568 977 caudam

681 990 868 1031 mobilem
901 989 1114 1032 flexibilem
1151 992 1340 1032 reddunt.
1384 990 1564 1032 Aculeus

679 1057 856 1096 curvu8‚
894 1046 1131 1086 acutiffimus
1164 1046 1320 1086 sextum
1353 1045 1565 1086 articulum

679 1101 882 1142 terminat.
911 1103 1042 1155 Prope
1075 1100 1229 1154 apicem
1254 1101 1336 1141 duo
1365 1099 1563 1141 foramina

682 1156 793 1198 lente
822 1154 1152 1210 conspiciuntur,
1192 1168 1217 1197 e
1254 1154 1397 1208 quibus
1432 1154 1567 1208 liquor

678 1211 899 1265 diaphanus
942 1212 986 1251 in
1023 1211 1178 1266 plagam
1219 1209 1432 1263 iaculatur.
1475 1209 1567 1250 For-

681 1269 798 1307 minae
814 1267 1024 1319 viviparae.
1047 1266 1237 1307 Insertum
1263 1265 1380 1306 ferox
1401 1266 1443 1305 in
1464 1276 1568 1319 pro-

679 1322 838 1376 geniem
861 1321 988 1362 saevit.
1016 1321 1173 1364 Vulnus
1194 1320 1429 1372 vitandum,
1468 1320 1566 1361 licet

683 1378 907 1417 antidotum
933 1376 1113 1431 vulgare.
1145 1379 1200 1417 V.

636 1430 727 1482 Obs.
747 1443 786 1472 2..
805 1433 984 1472 Peffines
1010 1433 1103 1472 huic
1127 1440 1281 1472 tantum
1310 1430 1450 1486 generi
1471 1443 1569 1485 pro-

683 1487 760 1540 prii
784 1487 890 1528 inter
915 1487 1112 1528 abdomen
1129 1488 1168 1528 81
1185 1487 1318 1540 peetus
1348 1487 1568 1528 adhaerent.

685 1545 871 1582 Numero
910 1543 1089 1583 dentium
1129 1542 1345 1596 differunt,
1380 1540 1448 1584 sed
1477 1540 1567 1583 usus

688 1595 817 1640 adhuc
846 1595 963 1650 plane
994 1597 1110 1638 latet.
1142 1596 1240 1640 Fab-

847 1886 1108 1957 Q
