1704 2620
629 102 874 143 lusson-A
903 100 1157 144 APTERA.
1188 103 1362 144 Podura.

738 211 904 264 corpori
934 212 1062 253 adfixa
1089 213 1144 254 est
1162 244 1175 264 ‚
1199 215 1241 254 in
1267 213 1414 254 fuscum
1451 212 1631 255 colorem

738 266 885 307 leviter
905 267 1095 318 inclinat3
1115 282 1205 322 pars
1235 269 1360 309 altera
1381 267 1523 321 pallida
1537 297 1547 315 ,
1568 270 1630 309 uti

734 331 867 362 totum
883 321 1084 373 insedium,
1096 323 1239 364 summe
1252 323 1461 377 diaphana‚
1472 324 1626 376 apicem

737 375 874 417 versus
900 377 1124 430 angustior,
1152 380 1266 432 apice
1294 378 1377 432 ipso
1408 387 1630 428 truncat03

735 444 826 484 pars
872 433 992 471 tertia
1036 433 1165 474 aculei
1209 433 1325 474 instar
1370 447 1421 473 ex
1465 433 1630 485 priori,

733 495 922 538 tanquam
945 500 996 526 ex
1020 490 1191 542 vagina,
1221 490 1408 542 progredi
1434 489 1624 534 videtur,

736 540 852 581 color
872 541 958 594 ejus
983 555 1169 583 corneus.
1192 545 1296 584 Hinc
1317 556 1464 583 nomen
1482 558 1623 582 monu-

735 611 820 635 ram
854 597 965 643 dixi,
999 600 1106 650 quod
1146 608 1408 650 praeterquam
1438 599 1545 650 quod
1581 599 1623 637 in

733 650 815 691 hoc
865 665 1013 704 genere
1060 653 1292 693 consuetum
1331 652 1376 691 fit
1398 683 1411 701 ,
1457 654 1623 692 caudam

733 705 893 745 bifidam
922 707 1228 760 bipartitamque
1259 719 1342 747 non
1364 706 1510 747 habeat
1526 737 1538 757 ,
1561 707 1628 747 sed

735 760 944 813 simplicem
963 792 975 812 ,
1006 762 1226 802 indivisam.

683 814 775 866 obs.
808 821 914 856 inter
931 818 1103 869 poduras
1120 818 1350 870 fimetarias
1366 848 1380 866 ,
1413 831 1530 871 quae,
1562 817 1623 858 uti

736 872 881 911 dicium
905 871 986 921 est,
1013 872 1053 911 in
1089 882 1196 914 terra
1228 875 1506 927 praegnanti&
1534 871 1625 912 ollis

738 926 1044 968 hortulanorum
1068 928 1277 975 habitant,
1306 930 1343 969 &
1370 928 1454 981 post
1483 928 1630 982 irriga-

736 983 893 1022 tionem
937 983 1110 1036 copiosae
1156 983 1401 1037 superficiem
1449 992 1631 1036 petunt,

732 1037 918 1078 invenire
933 1038 986 1078 est
1000 1038 1115 1078 aliam
1134 1040 1325 1091 quandam
1341 1038 1457 1092 hujus
1468 1037 1629 1092 generis

732 1093 903 1146 speciem
935 1095 1060 1147 priori
1096 1094 1221 1134 multo
1262 1095 1390 1134 minus
1430 1105 1628 1133 numero-
1660 1142 1663 1145 v

730 1149 837 1198 sam,
867 1148 932 1189 sed
963 1163 1078 1203 quam
1105 1148 1220 1191 facile
1248 1164 1335 1190 cum
1368 1149 1493 1202 priori
1527 1160 1632 1188 con-

733 1203 900 1254 fundas;
928 1218 1003 1245 nec
1023 1206 1127 1245 enim
1141 1235 1152 1254 ‚
1179 1206 1206 1244 fi
1229 1219 1311 1245 non
1331 1205 1449 1244 anxie
1469 1203 1631 1243 colores

731 1259 975 1313 distinguas,
1017 1260 1171 1305 habes,
1216 1262 1322 1312 quod
1368 1259 1630 1312 suspicionem

731 1315 968 1354 diversitatis
994 1315 1067 1354 tibi
1100 1316 1267 1367 injiciat«
1301 1315 1459 1354 Podura
1483 1314 1593 1367 prior
1612 1342 1627 1361 ,

734 1382 850 1421 quam
890 1369 949 1410 ill.
985 1369 1186 1409 Linnaeum
1230 1371 1419 1419 securus,
1456 1369 1628 1422 fimeta-

732 1425 834 1464 riam
869 1425 981 1473 dixi,
1031 1425 1172 1465 colore
1221 1425 1274 1465 est
1310 1425 1467 1478 prorsus
1501 1421 1592 1462 albo
1618 1453 1633 1471 ‚

733 1479 848 1518 ebori
883 1480 1150 1519 candidissimo
1182 1480 1299 1532 plane
1329 1478 1549 1529 consimiii3
1583 1486 1625 1517 at

733 1533 800 1572 illa
824 1562 837 1580 ,
877 1547 991 1585 quam
1035 1548 1141 1574 nunc
1187 1534 1420 1587 descripturi
1463 1533 1625 1581 summ,

732 1589 773 1627 in
819 1601 960 1628 canum
1004 1589 1268 1629 vehementer
1304 1589 1483 1628 inclinat.
1534 1591 1625 1627 Hoc

729 1641 809 1693 jam
845 1645 1070 1682 admonitus
1110 1643 1362 1690 discrimine,
1398 1645 1434 1683 &a
1463 1643 1490 1682 fi
1532 1643 1627 1681 satis

729 1695 843 1745 levi,
870 1697 896 1736 fi
922 1699 1115 1736 attentius
1139 1698 1286 1750 species
1305 1728 1317 1746 ‚
1347 1697 1463 1737 facile
1491 1698 1594 1737 aliud
1613 1725 1627 1742 ,

731 1752 770 1791 δί
802 1751 899 1791 illud
939 1752 1065 1792 multo
1101 1752 1377 1805 praestantius,
1427 1752 1507 1792 sese
1553 1752 1626 1791 tibi

730 1805 873 1859 sponte
902 1806 1078 1856 offeret;
1106 1806 1192 1847 salit
1218 1808 1304 1847 haec
1331 1807 1506 1860 species,
1536 1819 1625 1846 cum

732 1862 844 1914 prior
877 1861 993 1914 hujus
1032 1861 1167 1916 effugii
1198 1862 1355 1916 prorsus
1389 1863 1433 1901 sit
1468 1862 1628 1911 inscia;

733 1915 852 1956 saltus
880 1925 1011 1956 tamen
1050 1916 1138 1956 sunt
1165 1918 1310 1957 breves
1348 1916 1621 1969 rarioresque,

733 1984 848 2023 quam
886 1973 926 2010 in
964 1971 1127 2024 reliquis
1168 1972 1371 2025 descriptis
1423 1971 1624 2024 hucusque

732 2026 953 2078 speciebus.
1012 2030 1063 2066 Et
1110 2026 1190 2067 hoc
1243 2036 1329 2066 erat
1379 2030 1621 2080 praecipuum

734 2081 833 2122 illud
855 2112 867 2131 ,
905 2083 1012 2135 quod
1043 2095 1104 2122 me
1140 2085 1181 2122 in
1223 2082 1325 2121 hanc
1357 2082 1525 2135 speciem
1557 2092 1625 2122 at-

734 2145 890 2176 tentum
925 2138 1126 2187 reddidit3
1154 2149 1230 2178 nec
1266 2149 1406 2187 mora,
1445 2141 1623 2190 prehen-

734 2191 849 2241 sum,
896 2205 982 2232 cum
1031 2193 1198 2245 primum
1239 2192 1349 2232 licuit
1391 2194 1625 2246 specimen,

736 2246 1001 2300 microscopio
1020 2248 1192 2300 subjeci,
1212 2261 1322 2287 novo
1345 2248 1499 2300 stupore
1523 2257 1624 2286 atto-

737 2302 870 2351 nitus,
900 2316 987 2342 cum
1014 2306 1177 2342 caudam
1209 2303 1352 2343 nullam
1373 2333 1384 2353 ‚
1413 2302 1523 2351 cujus
1547 2315 1625 2355 ope

738 2355 858 2398 saltus
886 2357 977 2399 illos
1002 2368 1241 2413 perageret,
1269 2357 1622 2413 deprehendifl'em,
