1704 2620
342 107 424 164 298
562 114 1076 155 ILLusrssArroxe-Es.
1107 113 1348 169 Cerambyx.

724 224 897 265 testaceo
936 222 1113 270 rubent,
1159 224 1238 264 basi
1275 225 1428 266 macula
1465 239 1606 281 magna

720 289 809 319 atra
845 290 932 318 eam
957 280 1165 333 regionem
1193 293 1349 320 omnem
1384 291 1607 334 occupante

721 335 761 375 ἃ
806 346 878 386 per
925 336 1141 386 marginem
1191 334 1424 376 interiorem
1471 336 1608 376 versus

723 388 878 441 apicem
910 389 1149 430 decurrente
1169 420 1182 440 ‚
1214 404 1261 431 ac
1290 392 1331 431 in
1356 392 1441 444 ejus
1473 391 1608 429 medio

720 446 857 484 denuo
878 457 1059 496 magnam
1071 455 1198 485 atram
1213 445 1404 486 maculam
1420 448 1608 497 utrinque

717 499 854 552 elytro
870 512 1119 540 communem
1137 495 1403 542 constituente
1419 502 1457 542 ὅτ
1473 500 1607 554 postea

717 555 862 594 iterum
886 554 1006 594 solam
1043 555 1245 603 suturam,
1282 570 1357 598 nec
1390 566 1522 596 tamen
1559 556 1609 594 ad

718 611 873 662 apicem
911 609 1031 662 usque
1063 611 1319 652 decurrente.
1363 614 1440 651 Per
1476 612 1607 651 media
1664 625 1673 632 ¹

719 665 854 719 elytra
886 664 1014 704 fasciae
1041 667 1129 706 duae
1157 666 1273 706 flavae
1291 695 1303 712 ‚
1338 666 1474 707 versus
1510 665 1606 718 pos-

717 721 798 760 tica
834 733 1031 760 convexae
1054 722 1093 761 &r
1119 721 1343 762 denticulos
1378 722 1605 761 emitemes.

658 772 756 814 Fab.
784 774 984 829 Rhagium
1002 776 1249 826 bifaftiatum
1264 805 1277 822 ,
1303 776 1444 830 elytris
1461 774 1576 828 fuscis
1589 804 1604 824 ,

716 828 848 870 fasciis
874 829 1024 869 duabus
1051 830 1223 882 obliquis
1254 831 1383 872 flavis.

665 882 788 939 Geoffi
817 886 888 934 ins:
910 885 1034 936 paris.
1059 884 1262 925 stencorus
1291 896 1328 925 1.

659 938 767 994 Sulz.
796 942 867 992 infi
907 952 937 979 t.
970 949 1005 990 5.
1033 941 1074 992 f.
1102 939 1142 981 8.

339 1065 611 1120 Sycophanta.
622 1065 690 1110 28.

395 1803 590 1858 AEthiops.
620 1814 686 1859 29.

393 2098 586 2140 Timidus.
619 2107 684 2153 30.

719 1069 781 1108 C..
799 1069 916 1119 Dese.
962 1070 1028 1121 Sp.
1075 1083 1156 1111 cer.
1215 1070 1432 1124 inquzsstori
1490 1067 1608 1122 plane

717 1123 858 1165 habitu
889 1124 1108 1174 fimillima3
1142 1123 1226 1164 fors
1260 1127 1379 1164 etiam
1409 1125 1540 1164 incola
1568 1124 1607 1162 ὅ(

715 1182 829 1234 prior
843 1179 1027 1220 arborum
1041 1179 1165 1220 abieti
1182 1193 1466 1234 congerierum.
1479 1177 1606 1218 Color

715 1237 1009 1289 praedominans
1026 1235 1276 1290 ferrugineus
1296 1234 1349 1274 est
1365 1236 1400 1275 ἃ
1415 1234 1481 1274 hic
1497 1245 1606 1273 totus

716 1304 769 1330 ex
785 1290 994 1330 concolori
1013 1301 1196 1330 tomento
1214 1300 1340 1330 ortus.
1358 1290 1470 1328 Oculi
1487 1301 1604 1342 punc-

717 1356 838 1397 taque
861 1346 1074 1399 elytrorum
1104 1347 1231 1399 nigra.
1272 1346 1420 1384 Puncta
1447 1345 1607 1396 elytro-

716 1415 805 1440 rum
839 1410 921 1441 tres
955 1401 1199 1441 constituunt
1234 1402 1432 1453 praecipue
1464 1398 1605 1438 fascias

718 1457 853 1509 nigras
865 1486 877 1505 ‚
891 1457 931 1495 in
946 1457 1086 1508 quibus
1095 1466 1319 1496 tomentum
1335 1455 1605 1508 ferrugineum

715 1512 844 1550 rarius
873 1510 956 1557 est,
1000 1524 1163 1564 quarum
1190 1524 1265 1557 ea,
1294 1524 1380 1562 quae
1405 1511 1446 1548 in
1473 1509 1605 1548 medio

716 1565 800 1613 est,
828 1566 972 1616 latior,
996 1568 1166 1620 nigrior.
1195 1567 1334 1605 Omnis
1360 1565 1529 1618 nigredo
1555 1575 1606 1602 ex

716 1623 899 1675 corporis
943 1622 1140 1675 glabritie.
1188 1622 1324 1661 Lineae
1367 1621 1410 1660 in
1453 1617 1608 1672 singulo

715 1677 852 1731 elytro
880 1677 1048 1718 elevatae
1081 1678 1183 1720 duae.

717 1805 765 1845 C.
818 1804 932 1855 Dese.
989 1804 1112 1856 Caput
1160 1804 1264 1844 linea
1321 1804 1602 1858 longitudinali

717 1861 877 1906 media,
917 1860 1092 1912 depreffa
1138 1870 1355 1899 exaratum.
1396 1859 1600 1898 Abdomen

715 1914 899 1955 villosum
917 1945 929 1963 ‚
956 1915 1171 1968 praesertim
1207 1916 1334 1967 apice.
1361 1913 1507 1968 Elytra
1526 1913 1602 1954 ab-

715 1971 878 2010 domine
900 1970 1088 2011 breviora
1113 1970 1312 2010 nonnihil.

715 2097 763 2137 C.
792 2096 908 2147 Dese.
936 2099 1076 2138 Facies
1106 2098 1287 2152 lepturae.
1324 2098 1451 2151 Caput
1471 2098 1603 2138 antice

716 2153 950 2207 elongatum
970 2183 982 2202 ‚
1004 2155 1164 2201 nitens,
1189 2155 1257 2194 sub
1286 2154 1456 2194 maxillis
1483 2155 1603 2193 dente

669 2210 673 2213 ’
715 2218 929 2258 notatum,
970 2209 1168 2249 villosum.
1206 2210 1405 2249 Antennae
1444 2210 1602 2249 breves.

716 2262 880 2303 leorax
912 2263 1088 2308 villosus.
1108 2264 1253 2318 Elytra
1270 2266 1454 2318 punstata
1470 2295 1483 2315 ‚
1512 2263 1602 2304 sor-

712 2319 836 2369 dida,
884 2320 996 2372 apice
1034 2329 1233 2360 truncata.
1283 2319 1434 2370 Corpus
1471 2328 1602 2358 totum

721 2373 856 2415 subtus
887 2373 979 2416 rufo
1013 2375 1112 2416 villo
1145 2374 1378 2429 pubescens.
