1704 2620
316 120 371 159 28
563 130 802 172 INSECTA
836 134 1085 179 APTERA.
1118 140 1343 183 Pediculus.

696 244 738 284 in
765 257 839 296 qua
868 244 1158 300 diligentiffimo
1174 252 1297 292 Redio
1326 253 1381 294 ibi
1407 256 1584 301 delinea-

695 308 779 338 tum
808 299 992 341 infestum
1018 307 1222 357 occurrit,
1256 322 1338 348 non
1370 311 1578 368 meleagris

690 353 948 405 gallo-pave,
977 355 1044 398 sed
1072 362 1230 402 numida
1261 366 1471 416 meleagris
1493 370 1582 412 fuir.

691 407 755 448 CI.
808 408 1033 461 Miillerus,
1086 417 1152 467 qui
1206 418 1358 458 Lirmcei
1408 423 1583 475 Syflema

692 472 874 513 naturae,
915 477 1102 517 quantum
1145 472 1409 528 Zoologicum
1430 477 1510 528 est,
1540 481 1581 520 in

689 518 967 559 Germanicam
1002 521 1174 577 linguam
1202 529 1433 581 transtulit,
1467 537 1583 586 pedi-

690 573 825 613 culum
868 577 1094 627 quendam,
1138 581 1203 631 qui
1254 584 1294 622 in
1342 587 1584 642 meleagride

690 627 869 677 habitat,
887 630 1105 682 delinavit3
1129 633 1392 678 sedinsecium
1409 642 1527 689 iilud,
1554 645 1582 686 {i

683 692 818 722 tamen
834 684 875 722 in
892 685 970 728 hoc
987 689 1144 727 animali
1162 691 1267 731 vivit
1291 695 1409 742 (nam
1429 699 1490 736 vir
1511 698 1578 740 hic

682 736 850 777 summus
876 739 916 778 in
952 751 1066 792 parte
1101 746 1409 802 Entomologica
1441 765 1578 804 parum

685 794 895 833 adcuratus
907 794 959 834 est
969 797 985 844 )
996 797 1161 837 multum
1174 813 1196 838 a
1215 801 1348 842 nostro
1364 805 1577 851 diversum.

631 848 735 888 Huic
769 861 882 899 caput
929 852 1060 892 antice
1105 857 1391 905 rotundatum,
1429 862 1579 913 postice

685 903 877 943 sinuatum
898 935 910 954 ‚
937 905 1018 945 sinu
1050 908 1199 960 triplici
1222 925 1234 959 ς
1259 911 1361 952 finus
1390 918 1578 970 utrinque

683 959 844 998 dentem
880 961 1164 1002 acutiusculum
1211 965 1403 1020 longum,
1449 973 1486 1013 &
1534 975 1577 1013 in

683 1013 816 1053 medio
859 1015 958 1054 duos
995 1017 1095 1056 alios
1142 1018 1330 1062 formant.
1374 1024 1577 1066 Antenna-

683 1067 973 1110 moniliformes
993 1102 1005 1121 ,
1034 1072 1123 1111 satis
1141 1073 1271 1129 longae
1287 1106 1298 1125 ‚
1320 1079 1458 1121 dentes
1485 1082 1576 1123 lon-

685 1125 821 1174 giores
869 1123 959 1164 setis
1007 1126 1131 1167 trihus
1180 1129 1313 1185 longis
1358 1147 1576 1179 armantur.

686 1178 755 1217 Ad
784 1180 924 1231 capitis
951 1180 1076 1222 latera
1108 1185 1294 1237 utrinque
1322 1190 1460 1231 oculus
1485 1193 1580 1232 obs-

684 1244 834 1282 curUS‚
886 1235 924 1275 &
968 1247 1061 1277 ante
1108 1239 1217 1278 iilum
1270 1242 1350 1282 seta
1395 1245 1575 1288 brevior.

687 1286 814 1337 Caput
864 1293 1025 1343 corpori
1076 1306 1154 1346 ope
1205 1295 1382 1338 thoracis
1424 1303 1576 1357 angusti

685 1342 881 1383 rhombici
910 1344 1088 1400 jungitur
1109 1377 1122 1394 ,
1154 1351 1239 1402 post
1273 1366 1387 1403 quem
1430 1357 1577 1398 thorax

683 1397 785 1436 alter
829 1401 1046 1451 cordatus,
1093 1406 1225 1445 cordis
1269 1407 1373 1448 lobis
1410 1414 1572 1463 acutis,

685 1451 888 1492 abdomini
916 1457 1029 1507 apice
1064 1458 1333 1503 incumbente.
1364 1467 1573 1506 Abdomen

684 1505 896 1559 segmentis
916 1512 1006 1550 osto
1034 1512 1235 1555 instruitur
1258 1547 1269 1565 ,
1303 1532 1469 1569 quorum
1491 1524 1576 1575 pri—

682 1574 786 1600 mum
821 1563 977 1604 thoraci
1014 1565 1188 1610 secundo
1234 1571 1442 1626 injicitur,
1484 1577 1575 1630 pos-

683 1624 852 1656 tremum
881 1620 993 1671 apice
1025 1621 1223 1673 profunde
1250 1632 1536 1683 emarginatum
1561 1664 1574 1683 ,

684 1669 789 1709 lobis
833 1671 1083 1716 lanceolam>
1125 1680 1171 1717 In
1209 1683 1411 1723 nonnuliis
1458 1687 1575 1739 hujus

679 1724 831 1776 species
875 1727 1029 1768 inseetis
1071 1731 1111 1769 in
1161 1733 1235 1774 hac
1280 1741 1573 1791 emarginatura

678 1779 895 1820 membrum
916 1782 1182 1827 lanceolarum
1206 1788 1353 1830 fuscum
1378 1798 1570 1838 cernitur.

677 1834 894 1888 Segmenra
912 1837 977 1878 sex
1000 1840 1235 1883 intermedia
1257 1855 1428 1899 utroque
1447 1851 1575 1893 latere

678 1889 833 1929 macula
878 1892 1089 1933 introrsum
1134 1898 1308 1953 oblonga
1355 1903 1493 1956 fusca,
1534 1909 1574 1948 ὅ(

681 1942 788 1984 fasce
818 1945 984 1987 setarum
1022 1950 1274 2005 longiusculo
1305 1971 1352 1996 ex
1385 1959 1477 2001 setis
1508 1962 1576 2003 sex

681 1998 887 2041 constante
921 2003 1116 2046 instructa.
1153 2008 1305 2060 Pedes,
1342 2022 1386 2052 ut
1418 2016 1502 2057 fere
1532 2019 1577 2056 iu.

678 2053 841 2106 reliquis
877 2056 1082 2109 speciebus
1107 2092 1120 2112 ,
1157 2076 1264 2105 unco
1297 2068 1442 2121 duplici
1480 2080 1571 2112 ter-

684 2109 899 2151 minantur.
927 2113 1068 2155 Enum.
1188 2123 1190 2125 ’

288 2218 296 2272 ξ
325 2216 508 2261 Gallinae,
541 2228 607 2274 30.
639 2220 684 2259 P.
718 2221 809 2282 (qde
845 2221 881 2262 la
914 2223 1070 2277 poule)
1098 2228 1271 2281 phasiani
1291 2233 1384 2287 galli
1406 2237 1563 2277 thorace

669 2287 868 2329 capiteque
906 2281 1087 2335 utrinque
1124 2299 1369 2330 mucronato.
1399 2293 1418 2312 '‘

623 2328 854 2438 gZZffi33nfi
884 2391 1006 2442 paris.
1041 2404 1137 2436 tom.
1161 2406 1200 2436 2.
1229 2414 1272 2450 p.
1298 2397 1392 2442 601.
1434 2417 1474 2443 η.
1503 2413 1566 2444 110
