<?xml version="1.0" encoding="UTF-8"?>
<!DOCTYPE html PUBLIC "-//W3C//DTD XHTML 1.0 Transitional//EN"
    "http://www.w3.org/TR/xhtml1/DTD/xhtml1-transitional.dtd">
<html xmlns="http://www.w3.org/1999/xhtml" xml:lang="en" lang="en">
 <head>
  <title>
</title>
<meta http-equiv="Content-Type" content="text/html;charset=utf-8" />
  <meta name='ocr-system' content='tesseract 3.04.00' />
  <meta name='ocr-capabilities' content='ocr_page ocr_carea ocr_par ocr_line ocrx_word'/>
</head>
<body>
  <div class='ocr_page' id='page_1' title='image "./carolilinnient04linn_0079.png"; bbox 0 0 1704 2620; ppageno 0'>
   <div class='ocr_carea' id='block_1_1' title="bbox 381 122 1373 176">
    <p class='ocr_par' dir='ltr' id='par_1_1' title="bbox 381 122 1373 176">
     <span class='ocr_line' id='line_1_1' title="bbox 381 122 1373 176; baseline -0.001 -9"><span class='ocrx_word' id='word_1_1' title='bbox 381 127 626 167; x_wconf 63' lang='grc' dir='ltr'><strong>[ηςΕστΑ</strong></span> <span class='ocrx_word' id='word_1_2' title='bbox 658 124 906 164; x_wconf 65' lang='lat' dir='ltr'><strong>Api-EM.</strong></span> <span class='ocrx_word' id='word_1_3' title='bbox 936 122 1110 164; x_wconf 60' lang='lat' dir='ltr'><strong>Aenus:</strong></span> <span class='ocrx_word' id='word_1_4' title='bbox 1321 130 1373 176; x_wconf 80' lang='lat'><strong>73</strong></span> 
     </span>
    </p>
   </div>
   <div class='ocr_carea' id='block_1_2' title="bbox 492 230 1378 561">
    <p class='ocr_par' dir='ltr' id='par_1_2' title="bbox 492 230 1378 561">
     <span class='ocr_line' id='line_1_2' title="bbox 492 230 1374 289; baseline -0.007 -14"><span class='ocrx_word' id='word_1_5' title='bbox 492 235 614 289; x_wconf 87' lang='lat' dir='ltr'><strong>Quod</strong></span> <span class='ocrx_word' id='word_1_6' title='bbox 641 234 708 275; x_wconf 78' lang='lat' dir='ltr'><strong>nisi</strong></span> <span class='ocrx_word' id='word_1_7' title='bbox 736 233 905 282; x_wconf 85' lang='lat' dir='ltr'><strong>feceris,</strong></span> <span class='ocrx_word' id='word_1_8' title='bbox 942 245 1056 272; x_wconf 86' lang='lat' dir='ltr'><strong>muro</strong></span> <span class='ocrx_word' id='word_1_9' title='bbox 1083 230 1229 286; x_wconf 87' lang='lat' dir='ltr'><strong>frigido</strong></span> <span class='ocrx_word' id='word_1_10' title='bbox 1259 244 1374 270; x_wconf 86' lang='lat' dir='ltr'><strong>com-</strong></span> 
     </span>
     <span class='ocr_line' id='line_1_3' title="bbox 493 287 1378 330; baseline -0.006 -1"><span class='ocrx_word' id='word_1_11' title='bbox 493 292 716 330; x_wconf 82' lang='lat' dir='ltr'><strong>municatus</strong></span> <span class='ocrx_word' id='word_1_12' title='bbox 739 302 760 328; x_wconf 83' lang='lat' dir='ltr'>a</span> <span class='ocrx_word' id='word_1_13' title='bbox 782 288 965 329; x_wconf 88' lang='lat' dir='ltr'><strong>cubiculo</strong></span> <span class='ocrx_word' id='word_1_14' title='bbox 989 288 1098 328; x_wconf 80' lang='lat' dir='ltr'><strong>calor</strong></span> <span class='ocrx_word' id='word_1_15' title='bbox 1123 287 1309 326; x_wconf 84' lang='lat' dir='ltr'><strong>humores</strong></span> <span class='ocrx_word' id='word_1_16' title='bbox 1337 287 1378 325; x_wconf 88' lang='lat' dir='ltr'><strong>in</strong></span> 
     </span>
     <span class='ocr_line' id='line_1_4' title="bbox 495 341 1378 402; baseline -0.006 -18"><span class='ocrx_word' id='word_1_17' title='bbox 495 346 581 395; x_wconf 80' lang='lat' dir='ltr'><strong>ejus</strong></span> <span class='ocrx_word' id='word_1_18' title='bbox 610 343 816 398; x_wconf 87' lang='lat' dir='ltr'><strong>superficie</strong></span> <span class='ocrx_word' id='word_1_19' title='bbox 842 344 1035 396; x_wconf 85' lang='lat' dir='ltr'>deponit,</span> <span class='ocrx_word' id='word_1_20' title='bbox 1070 341 1203 381; x_wconf 80' lang='lat' dir='ltr'><strong>senfim</strong></span> <span class='ocrx_word' id='word_1_21' title='bbox 1239 342 1279 380; x_wconf 91' lang='lat' dir='ltr'><strong>in</strong></span> <span class='ocrx_word' id='word_1_22' title='bbox 1305 353 1378 402; x_wconf 65' lang='lat' dir='ltr'><strong>ar-</strong></span> 
     </span>
     <span class='ocr_line' id='line_1_5' title="bbox 494 409 1376 452; baseline -0.007 -12"><span class='ocrx_word' id='word_1_23' title='bbox 494 413 580 440; x_wconf 82' lang='lat' dir='ltr'><strong>cam</strong></span> <span class='ocrx_word' id='word_1_24' title='bbox 613 409 922 452; x_wconf 76' lang='lat' dir='ltr'><strong>penetraturOS,</strong></span> <span class='ocrx_word' id='word_1_25' title='bbox 956 411 1002 438; x_wconf 85' lang='lat' dir='ltr'><strong>ac</strong></span> <span class='ocrx_word' id='word_1_26' title='bbox 1034 410 1160 449; x_wconf 77' lang='lat' dir='ltr'><strong>primo</strong></span> <span class='ocrx_word' id='word_1_27' title='bbox 1192 409 1376 442; x_wconf 74' lang='lat' dir='ltr'><strong>mucori,</strong></span> 
     </span>
     <span class='ocr_line' id='line_1_6' title="bbox 495 451 1378 507; baseline -0.006 -13"><span class='ocrx_word' id='word_1_28' title='bbox 495 453 629 506; x_wconf 73' lang='lat' dir='ltr'><strong>paullo</strong></span> <span class='ocrx_word' id='word_1_29' title='bbox 681 453 764 507; x_wconf 84' lang='lat' dir='ltr'><strong>post</strong></span> <span class='ocrx_word' id='word_1_30' title='bbox 824 465 943 494; x_wconf 84' lang='lat' dir='ltr'><strong>aearo</strong></span> <span class='ocrx_word' id='word_1_31' title='bbox 996 451 1223 493; x_wconf 64' lang='lat' dir='ltr'><strong>destructori</strong></span> <span class='ocrx_word' id='word_1_32' title='bbox 1269 451 1378 490; x_wconf 84' lang='lat' dir='ltr'><strong>viam</strong></span> 
     </span>
     <span class='ocr_line' id='line_1_7' title="bbox 495 520 717 561; baseline 0.009 -13"><span class='ocrx_word' id='word_1_33' title='bbox 495 520 717 561; x_wconf 75' lang='lat' dir='ltr'><strong>paraturuS.</strong></span> 
     </span>
    </p>
   </div>
   <div class='ocr_carea' id='block_1_3' title="bbox 112 616 1387 2429">
    <p class='ocr_par' dir='ltr' id='par_1_3' title="bbox 112 616 1380 781">
     <span class='ocr_line' id='line_1_8' title="bbox 112 616 1379 673; baseline -0.003 -14"><span class='ocrx_word' id='word_1_34' title='bbox 112 617 312 659; x_wconf 78' lang='lat' dir='ltr'><strong>Eruditus.</strong></span> <span class='ocrx_word' id='word_1_35' title='bbox 343 628 412 673; x_wconf 87' lang='lat'><strong>70.</strong></span> <span class='ocrx_word' id='word_1_36' title='bbox 443 619 495 660; x_wconf 86' lang='lat' dir='ltr'><strong>A.</strong></span> <span class='ocrx_word' id='word_1_37' title='bbox 531 621 548 670; x_wconf 94' lang='lat'><strong>(</strong></span> <span class='ocrx_word' id='word_1_38' title='bbox 574 620 611 660; x_wconf 92' lang='lat' dir='ltr'><strong>le</strong></span> <span class='ocrx_word' id='word_1_39' title='bbox 633 619 912 669; x_wconf 81' lang='lat' dir='ltr'><strong>bibliomane)</strong></span> <span class='ocrx_word' id='word_1_40' title='bbox 945 619 1108 673; x_wconf 82' lang='lat' dir='ltr'><strong>pedibus</strong></span> <span class='ocrx_word' id='word_1_41' title='bbox 1133 618 1247 672; x_wconf 89' lang='lat' dir='ltr'><strong>primi</strong></span> <span class='ocrx_word' id='word_1_42' title='bbox 1273 616 1379 670; x_wconf 85' lang='lat' dir='ltr'><strong>paris</strong></span> 
     </span>
     <span class='ocr_line' id='line_1_9' title="bbox 496 671 1380 726; baseline -0.005 -12"><span class='ocrx_word' id='word_1_43' title='bbox 496 676 719 715; x_wconf 75' lang='lat' dir='ltr'><strong>eraffiffimis</strong></span> <span class='ocrx_word' id='word_1_44' title='bbox 762 674 957 724; x_wconf 80' lang='lat' dir='ltr'><strong>chelatis,</strong></span> <span class='ocrx_word' id='word_1_45' title='bbox 989 675 1171 716; x_wconf 84' lang='lat' dir='ltr'><strong>secundis</strong></span> <span class='ocrx_word' id='word_1_46' title='bbox 1206 671 1380 726; x_wconf 85' lang='lat' dir='ltr'><strong>longiffi-</strong></span> 
     </span>
     <span class='ocr_line' id='line_1_10' title="bbox 499 728 922 781; baseline 0 -13"><span class='ocrx_word' id='word_1_47' title='bbox 499 730 569 768; x_wconf 88' lang='lat' dir='ltr'><strong>mis</strong></span> <span class='ocrx_word' id='word_1_48' title='bbox 590 758 603 774; x_wconf 94' lang='lat'>,</span> <span class='ocrx_word' id='word_1_49' title='bbox 632 730 743 781; x_wconf 85' lang='lat' dir='ltr'>apice</span> <span class='ocrx_word' id='word_1_50' title='bbox 775 728 922 768; x_wconf 77' lang='lat' dir='ltr'><strong>bisetis.</strong></span> 
     </span>
    </p>

    <p class='ocr_par' dir='ltr' id='par_1_4' title="bbox 439 781 1384 1269">
     <span class='ocr_line' id='line_1_11' title="bbox 439 781 1379 824; baseline -0.001 -3"><span class='ocrx_word' id='word_1_51' title='bbox 439 781 541 822; x_wconf 71' lang='lat' dir='ltr'><em>Hah.</em></span> <span class='ocrx_word' id='word_1_52' title='bbox 586 784 625 822; x_wconf 81' lang='lat' dir='ltr'><strong>in</strong></span> <span class='ocrx_word' id='word_1_53' title='bbox 667 782 774 822; x_wconf 88' lang='lat' dir='ltr'><strong>libris</strong></span> <span class='ocrx_word' id='word_1_54' title='bbox 810 782 970 822; x_wconf 87' lang='lat' dir='ltr'><strong>humido</strong></span> <span class='ocrx_word' id='word_1_55' title='bbox 1011 783 1106 824; x_wconf 92' lang='lat' dir='ltr'><strong>loco</strong></span> <span class='ocrx_word' id='word_1_56' title='bbox 1146 782 1379 823; x_wconf 83' lang='lat' dir='ltr'><strong>adservatis.</strong></span> 
     </span>
     <span class='ocr_line' id='line_1_12' title="bbox 495 837 1382 892; baseline -0.001 -16"><span class='ocrx_word' id='word_1_57' title='bbox 495 837 701 877; x_wconf 80' lang='lat' dir='ltr'><strong>Inlidiatur</strong></span> <span class='ocrx_word' id='word_1_58' title='bbox 727 838 785 876; x_wconf 84' lang='lat' dir='ltr'><strong>uti</strong></span> <span class='ocrx_word' id='word_1_59' title='bbox 815 839 1042 890; x_wconf 76' lang='lat' dir='ltr'><strong>praecedens</strong></span> <span class='ocrx_word' id='word_1_60' title='bbox 1068 838 1211 892; x_wconf 88' lang='lat' dir='ltr'><strong>glutini</strong></span> <span class='ocrx_word' id='word_1_61' title='bbox 1235 837 1382 876; x_wconf 80' lang='lat' dir='ltr'><strong>biblio-</strong></span> 
     </span>
     <span class='ocr_line' id='line_1_13' title="bbox 499 891 1381 946; baseline -0.001 -14"><span class='ocrx_word' id='word_1_62' title='bbox 499 905 707 946; x_wconf 85' lang='lat' dir='ltr'><strong>pegorum.</strong></span> <span class='ocrx_word' id='word_1_63' title='bbox 750 892 924 932; x_wconf 82' lang='lat' dir='ltr'><strong>Praesens</strong></span> <span class='ocrx_word' id='word_1_64' title='bbox 967 892 1115 945; x_wconf 88' lang='lat' dir='ltr'><strong>species</strong></span> <span class='ocrx_word' id='word_1_65' title='bbox 1167 891 1381 946; x_wconf 84' lang='lat' dir='ltr'><strong>praesertim</strong></span> 
     </span>
     <span class='ocr_line' id='line_1_14' title="bbox 501 947 1382 988; baseline -0.002 -1"><span class='ocrx_word' id='word_1_66' title='bbox 501 947 607 987; x_wconf 82' lang='lat' dir='ltr'><strong>adest</strong></span> <span class='ocrx_word' id='word_1_67' title='bbox 647 949 696 987; x_wconf 81' lang='lat' dir='ltr'><strong>ad</strong></span> <span class='ocrx_word' id='word_1_68' title='bbox 736 960 826 987; x_wconf 82' lang='lat' dir='ltr'><strong>oras</strong></span> <span class='ocrx_word' id='word_1_69' title='bbox 859 947 1007 988; x_wconf 81' lang='lat' dir='ltr'><strong>chartae</strong></span> <span class='ocrx_word' id='word_1_70' title='bbox 1040 947 1231 988; x_wconf 89' lang='lat' dir='ltr'><strong>librorum</strong></span> <span class='ocrx_word' id='word_1_71' title='bbox 1269 948 1382 986; x_wconf 81' lang='lat' dir='ltr'><strong>inte-</strong></span> 
     </span>
     <span class='ocr_line' id='line_1_15' title="bbox 497 1001 1381 1057; baseline -0.003 -15"><span class='ocrx_word' id='word_1_72' title='bbox 497 1012 689 1056; x_wconf 84' lang='lat' dir='ltr'><strong>gumento</strong></span> <span class='ocrx_word' id='word_1_73' title='bbox 718 1003 999 1057; x_wconf 79' lang='lat' dir='ltr'><strong>adglutinatae‚</strong></span> <span class='ocrx_word' id='word_1_74' title='bbox 1030 1017 1102 1043; x_wconf 87' lang='lat' dir='ltr'><strong>ore</strong></span> <span class='ocrx_word' id='word_1_75' title='bbox 1140 1001 1381 1057; x_wconf 85' lang='lat' dir='ltr'><strong>pedibusque</strong></span> 
     </span>
     <span class='ocr_line' id='line_1_16' title="bbox 499 1056 1383 1113; baseline -0.001 -17"><span class='ocrx_word' id='word_1_76' title='bbox 499 1057 576 1096; x_wconf 80' lang='lat' dir='ltr'><strong>suis</strong></span> <span class='ocrx_word' id='word_1_77' title='bbox 636 1056 933 1098; x_wconf 85' lang='lat' dir='ltr'><strong>cheliformibus</strong></span> <span class='ocrx_word' id='word_1_78' title='bbox 989 1059 1132 1113; x_wconf 86' lang='lat' dir='ltr'><strong>glutini</strong></span> <span class='ocrx_word' id='word_1_79' title='bbox 1191 1056 1383 1097; x_wconf 85' lang='lat' dir='ltr'><strong>immenfis</strong></span> 
     </span>
     <span class='ocr_line' id='line_1_17' title="bbox 497 1112 1382 1164; baseline -0.001 -14"><span class='ocrx_word' id='word_1_80' title='bbox 497 1112 672 1164; x_wconf 90' lang='lat' dir='ltr'><strong>illudque</strong></span> <span class='ocrx_word' id='word_1_81' title='bbox 700 1113 1013 1158; x_wconf 78' lang='lat' dir='ltr'><strong>removentibus.</strong></span> <span class='ocrx_word' id='word_1_82' title='bbox 1042 1117 1138 1153; x_wconf 84' lang='lat' dir='ltr'><strong>Non</strong></span> <span class='ocrx_word' id='word_1_83' title='bbox 1166 1112 1282 1153; x_wconf 81' lang='lat' dir='ltr'><strong>facile</strong></span> <span class='ocrx_word' id='word_1_84' title='bbox 1310 1124 1382 1164; x_wconf 87' lang='lat' dir='ltr'><strong>per</strong></span> 
     </span>
     <span class='ocr_line' id='line_1_18' title="bbox 497 1165 1384 1220; baseline 0 -15"><span class='ocrx_word' id='word_1_85' title='bbox 497 1165 589 1206; x_wconf 89' lang='lat' dir='ltr'><strong>libri</strong></span> <span class='ocrx_word' id='word_1_86' title='bbox 615 1167 858 1220; x_wconf 86' lang='lat' dir='ltr'><strong>superficiem</strong></span> <span class='ocrx_word' id='word_1_87' title='bbox 881 1167 1063 1208; x_wconf 85' lang='lat' dir='ltr'><strong>discurrit</strong></span> <span class='ocrx_word' id='word_1_88' title='bbox 1082 1198 1095 1215; x_wconf 94' lang='lat'><em>,</em></span> <span class='ocrx_word' id='word_1_89' title='bbox 1124 1168 1192 1208; x_wconf 79' lang='lat' dir='ltr'><strong>nisi</strong></span> <span class='ocrx_word' id='word_1_90' title='bbox 1222 1167 1384 1219; x_wconf 89' lang='lat' dir='ltr'><strong>inquie-</strong></span> 
     </span>
     <span class='ocr_line' id='line_1_19' title="bbox 496 1224 1230 1269; baseline 0 -8"><span class='ocrx_word' id='word_1_91' title='bbox 496 1230 581 1262; x_wconf 84' lang='lat' dir='ltr'><strong>tata</strong></span> <span class='ocrx_word' id='word_1_92' title='bbox 598 1251 611 1269; x_wconf 93' lang='lat'><em>,</em></span> <span class='ocrx_word' id='word_1_93' title='bbox 639 1231 721 1261; x_wconf 90' lang='lat' dir='ltr'><strong>tum</strong></span> <span class='ocrx_word' id='word_1_94' title='bbox 754 1236 853 1262; x_wconf 89' lang='lat' dir='ltr'><strong>vero</strong></span> <span class='ocrx_word' id='word_1_95' title='bbox 881 1225 1004 1264; x_wconf 83' lang='lat' dir='ltr'><strong>currit</strong></span> <span class='ocrx_word' id='word_1_96' title='bbox 1033 1224 1230 1263; x_wconf 85' lang='lat' dir='ltr'><strong>celeriter.</strong></span> 
     </span>
    </p>

    <p class='ocr_par' dir='ltr' id='par_1_5' title="bbox 445 1274 1387 2429">
     <span class='ocr_line' id='line_1_20' title="bbox 445 1274 1386 1330; baseline 0.001 -16"><span class='ocrx_word' id='word_1_97' title='bbox 445 1274 559 1326; x_wconf 58' lang='lat' dir='ltr'><strong>Dese.</strong></span> <span class='ocrx_word' id='word_1_98' title='bbox 621 1277 824 1317; x_wconf 81' lang='lat' dir='ltr'><strong>Abdomen</strong></span> <span class='ocrx_word' id='word_1_99' title='bbox 882 1287 1046 1318; x_wconf 71' lang='lat' dir='ltr'><strong>ovatum</strong></span> <span class='ocrx_word' id='word_1_100' title='bbox 1079 1308 1092 1328; x_wconf 92' lang='lat'>,</span> <span class='ocrx_word' id='word_1_101' title='bbox 1151 1277 1336 1330; x_wconf 85' lang='lat' dir='ltr'><strong>pallidum</strong></span> <span class='ocrx_word' id='word_1_102' title='bbox 1368 1281 1386 1325; x_wconf 83' lang='lat'><strong>,&#39;</strong></span> 
     </span>
     <span class='ocr_line' id='line_1_21' title="bbox 499 1332 1385 1386; baseline -0.001 -15"><span class='ocrx_word' id='word_1_103' title='bbox 499 1332 732 1386; x_wconf 72' lang='lat' dir='ltr'><strong>hyalimm,</strong></span> <span class='ocrx_word' id='word_1_104' title='bbox 776 1344 820 1373; x_wconf 90' lang='lat' dir='ltr'><strong>ut</strong></span> <span class='ocrx_word' id='word_1_105' title='bbox 856 1333 896 1373; x_wconf 87' lang='lat' dir='ltr'><strong>in</strong></span> <span class='ocrx_word' id='word_1_106' title='bbox 940 1346 1058 1374; x_wconf 82' lang='lat' dir='ltr'><strong>acaro</strong></span> <span class='ocrx_word' id='word_1_107' title='bbox 1081 1335 1242 1386; x_wconf 80' lang='lat' dir='ltr'><strong>sirone,</strong></span> <span class='ocrx_word' id='word_1_108' title='bbox 1283 1332 1385 1383; x_wconf 86' lang='lat' dir='ltr'><strong>saepe</strong></span> 
     </span>
     <span class='ocr_line' id='line_1_22' title="bbox 500 1387 1384 1442; baseline -0.003 -15"><span class='ocrx_word' id='word_1_109' title='bbox 500 1387 772 1440; x_wconf 78' lang='lat' dir='ltr'><strong>transparente</strong></span> <span class='ocrx_word' id='word_1_110' title='bbox 808 1387 924 1428; x_wconf 87' lang='lat' dir='ltr'><strong>costae</strong></span> <span class='ocrx_word' id='word_1_111' title='bbox 965 1388 1105 1442; x_wconf 79' lang='lat' dir='ltr'><strong>figura.</strong></span> <span class='ocrx_word' id='word_1_112' title='bbox 1149 1388 1251 1428; x_wconf 90' lang='lat' dir='ltr'><strong>Hinc</strong></span> <span class='ocrx_word' id='word_1_113' title='bbox 1288 1387 1384 1426; x_wconf 86' lang='lat' dir='ltr'><strong>inde</strong></span> 
     </span>
     <span class='ocr_line' id='line_1_23' title="bbox 499 1442 1383 1496; baseline -0.002 -15"><span class='ocrx_word' id='word_1_114' title='bbox 499 1442 570 1495; x_wconf 90' lang='lat' dir='ltr'><strong>pili</strong></span> <span class='ocrx_word' id='word_1_115' title='bbox 604 1444 758 1496; x_wconf 82' lang='lat' dir='ltr'><strong>quidam</strong></span> <span class='ocrx_word' id='word_1_116' title='bbox 796 1444 963 1493; x_wconf 85' lang='lat' dir='ltr'><strong>minuti,</strong></span> <span class='ocrx_word' id='word_1_117' title='bbox 1008 1445 1046 1484; x_wconf 66' lang='grc' dir='ltr'><strong>δε</strong></span> <span class='ocrx_word' id='word_1_118' title='bbox 1083 1445 1133 1484; x_wconf 87' lang='lat' dir='ltr'><strong>ad</strong></span> <span class='ocrx_word' id='word_1_119' title='bbox 1171 1452 1383 1493; x_wconf 86' lang='lat' dir='ltr'><strong>utrumque</strong></span> 
     </span>
     <span class='ocr_line' id='line_1_24' title="bbox 503 1497 1383 1550; baseline -0.001 -15"><span class='ocrx_word' id='word_1_120' title='bbox 503 1497 636 1545; x_wconf 79' lang='lat' dir='ltr'><strong>latus,</strong></span> <span class='ocrx_word' id='word_1_121' title='bbox 674 1498 778 1537; x_wconf 86' lang='lat' dir='ltr'><strong>inter</strong></span> <span class='ocrx_word' id='word_1_122' title='bbox 809 1511 878 1550; x_wconf 81' lang='lat' dir='ltr'><strong>pat·</strong></span> <span class='ocrx_word' id='word_1_123' title='bbox 916 1500 1056 1550; x_wconf 72' lang='lat' dir='ltr'><strong>pedum</strong></span> <span class='ocrx_word' id='word_1_124' title='bbox 1094 1498 1260 1538; x_wconf 83' lang='lat' dir='ltr'><strong>alterum</strong></span> <span class='ocrx_word' id='word_1_125' title='bbox 1292 1505 1383 1535; x_wconf 89' lang='lat' dir='ltr'><strong>ter-—</strong></span> 
     </span>
     <span class='ocr_line' id='line_1_25' title="bbox 501 1550 1382 1603; baseline 0 -14"><span class='ocrx_word' id='word_1_126' title='bbox 501 1552 677 1603; x_wconf 85' lang='lat' dir='ltr'><strong>tiumque</strong></span> <span class='ocrx_word' id='word_1_127' title='bbox 705 1551 786 1591; x_wconf 87' lang='lat' dir='ltr'><strong>sera</strong></span> <span class='ocrx_word' id='word_1_128' title='bbox 818 1552 1020 1594; x_wconf 77' lang='lat' dir='ltr'><strong>brevicula</strong></span> <span class='ocrx_word' id='word_1_129' title='bbox 1057 1565 1178 1592; x_wconf 81' lang='lat' dir='ltr'><strong>curva</strong></span> <span class='ocrx_word' id='word_1_130' title='bbox 1215 1550 1300 1590; x_wconf 86' lang='lat' dir='ltr'><strong>fere</strong></span> <span class='ocrx_word' id='word_1_131' title='bbox 1331 1551 1382 1589; x_wconf 82' lang='lat' dir='ltr'><strong>ad</strong></span> 
     </span>
     <span class='ocr_line' id='line_1_26' title="bbox 503 1606 1384 1659; baseline -0.002 -15"><span class='ocrx_word' id='word_1_132' title='bbox 503 1607 671 1658; x_wconf 80' lang='lat' dir='ltr'><strong>angulos</strong></span> <span class='ocrx_word' id='word_1_133' title='bbox 700 1607 827 1646; x_wconf 63' lang='lat' dir='ltr'><strong>restos</strong></span> <span class='ocrx_word' id='word_1_134' title='bbox 860 1608 1020 1659; x_wconf 83' lang='lat' dir='ltr'><strong>corpori</strong></span> <span class='ocrx_word' id='word_1_135' title='bbox 1054 1607 1232 1646; x_wconf 73' lang='lat' dir='ltr'><strong>insidens.</strong></span> <span class='ocrx_word' id='word_1_136' title='bbox 1260 1606 1384 1643; x_wconf 74' lang='lat' dir='ltr'><strong>Pedes</strong></span> 
     </span>
     <span class='ocr_line' id='line_1_27' title="bbox 504 1660 1383 1715; baseline 0 -16"><span class='ocrx_word' id='word_1_137' title='bbox 504 1660 597 1702; x_wconf 87' lang='lat' dir='ltr'><strong>hinc</strong></span> <span class='ocrx_word' id='word_1_138' title='bbox 624 1662 715 1702; x_wconf 87' lang='lat' dir='ltr'><strong>inde</strong></span> <span class='ocrx_word' id='word_1_139' title='bbox 741 1660 831 1701; x_wconf 87' lang='lat' dir='ltr'><strong>setis</strong></span> <span class='ocrx_word' id='word_1_140' title='bbox 863 1660 1383 1715; x_wconf 18' lang='lat' dir='ltr'><strong>longioribusrsubtiliffimis</strong></span> 
     </span>
     <span class='ocr_line' id='line_1_28' title="bbox 502 1715 1384 1769; baseline 0.001 -16"><span class='ocrx_word' id='word_1_141' title='bbox 502 1726 704 1756; x_wconf 78' lang='lat' dir='ltr'><strong>armantur</strong></span> <span class='ocrx_word' id='word_1_142' title='bbox 721 1745 733 1764; x_wconf 93' lang='lat'><strong><em>‚</em></strong></span> <span class='ocrx_word' id='word_1_143' title='bbox 760 1715 826 1756; x_wconf 88' lang='lat' dir='ltr'><strong>sed</strong></span> <span class='ocrx_word' id='word_1_144' title='bbox 853 1729 986 1755; x_wconf 83' lang='lat' dir='ltr'><strong>earum</strong></span> <span class='ocrx_word' id='word_1_145' title='bbox 1008 1728 1191 1757; x_wconf 87' lang='lat' dir='ltr'><strong>numerus</strong></span> <span class='ocrx_word' id='word_1_146' title='bbox 1220 1727 1384 1769; x_wconf 80' lang='lat' dir='ltr'><strong>magnus</strong></span> 
     </span>
     <span class='ocr_line' id='line_1_29' title="bbox 504 1768 1385 1819; baseline 0 -10"><span class='ocrx_word' id='word_1_147' title='bbox 504 1782 588 1809; x_wconf 86' lang='lat' dir='ltr'><strong>non</strong></span> <span class='ocrx_word' id='word_1_148' title='bbox 616 1770 696 1819; x_wconf 80' lang='lat' dir='ltr'><strong>est3</strong></span> <span class='ocrx_word' id='word_1_149' title='bbox 736 1768 818 1810; x_wconf 87' lang='lat' dir='ltr'><strong>fere</strong></span> <span class='ocrx_word' id='word_1_150' title='bbox 848 1772 974 1813; x_wconf 83' lang='lat' dir='ltr'><strong>cuivis</strong></span> <span class='ocrx_word' id='word_1_151' title='bbox 1007 1771 1177 1811; x_wconf 81' lang='lat' dir='ltr'><strong>articulo</strong></span> <span class='ocrx_word' id='word_1_152' title='bbox 1206 1783 1281 1810; x_wconf 86' lang='lat' dir='ltr'><strong>una</strong></span> <span class='ocrx_word' id='word_1_153' title='bbox 1307 1770 1385 1809; x_wconf 89' lang='lat' dir='ltr'><strong>ob·-</strong></span> 
     </span>
     <span class='ocr_line' id='line_1_30' title="bbox 502 1824 1386 1879; baseline 0.002 -17"><span class='ocrx_word' id='word_1_154' title='bbox 502 1824 635 1877; x_wconf 79' lang='lat' dir='ltr'><strong>tingit.</strong></span> <span class='ocrx_word' id='word_1_155' title='bbox 674 1825 800 1864; x_wconf 78' lang='lat' dir='ltr'><strong>Pedes</strong></span> <span class='ocrx_word' id='word_1_156' title='bbox 827 1836 998 1877; x_wconf 82' lang='lat' dir='ltr'><strong>quatuor</strong></span> <span class='ocrx_word' id='word_1_157' title='bbox 1028 1826 1267 1879; x_wconf 86' lang='lat' dir='ltr'><strong>posteriores</strong></span> <span class='ocrx_word' id='word_1_158' title='bbox 1298 1838 1386 1864; x_wconf 89' lang='lat' dir='ltr'><strong>me-</strong></span> 
     </span>
     <span class='ocr_line' id='line_1_31' title="bbox 504 1879 1386 1936; baseline 0 -18"><span class='ocrx_word' id='word_1_159' title='bbox 504 1880 661 1919; x_wconf 84' lang='lat' dir='ltr'><strong>diocres</strong></span> <span class='ocrx_word' id='word_1_160' title='bbox 685 1910 697 1929; x_wconf 94' lang='lat'>,</span> <span class='ocrx_word' id='word_1_161' title='bbox 758 1879 941 1933; x_wconf 82' lang='lat' dir='ltr'><strong>hyalini,</strong></span> <span class='ocrx_word' id='word_1_162' title='bbox 995 1881 1207 1936; x_wconf 82' lang='lat' dir='ltr'><strong>graciles;</strong></span> <span class='ocrx_word' id='word_1_163' title='bbox 1270 1879 1386 1932; x_wconf 83' lang='lat' dir='ltr'><strong>primi</strong></span> 
     </span>
     <span class='ocr_line' id='line_1_32' title="bbox 500 1934 1384 1991; baseline 0 -18"><span class='ocrx_word' id='word_1_164' title='bbox 500 1934 605 1987; x_wconf 81' lang='lat' dir='ltr'><strong>paris</strong></span> <span class='ocrx_word' id='word_1_165' title='bbox 636 1935 706 1974; x_wconf 83' lang='lat' dir='ltr'><strong>vix</strong></span> <span class='ocrx_word' id='word_1_166' title='bbox 738 1935 975 1987; x_wconf 87' lang='lat' dir='ltr'><strong>posticorum</strong></span> <span class='ocrx_word' id='word_1_167' title='bbox 1009 1936 1290 1991; x_wconf 84' lang='lat' dir='ltr'><strong>longitudine,</strong></span> <span class='ocrx_word' id='word_1_168' title='bbox 1317 1934 1384 1974; x_wconf 91' lang='lat' dir='ltr'><strong>sed</strong></span> 
     </span>
     <span class='ocr_line' id='line_1_33' title="bbox 502 1989 1384 2039; baseline 0.002 -13"><span class='ocrx_word' id='word_1_169' title='bbox 502 1989 643 2027; x_wconf 89' lang='lat' dir='ltr'><strong>mirum</strong></span> <span class='ocrx_word' id='word_1_170' title='bbox 679 1991 719 2029; x_wconf 90' lang='lat' dir='ltr'><strong>in</strong></span> <span class='ocrx_word' id='word_1_171' title='bbox 753 1992 910 2031; x_wconf 83' lang='lat' dir='ltr'><strong>modum</strong></span> <span class='ocrx_word' id='word_1_172' title='bbox 936 1992 1044 2032; x_wconf 84' lang='lat' dir='ltr'><strong>craffi</strong></span> <span class='ocrx_word' id='word_1_173' title='bbox 1064 2021 1076 2039; x_wconf 93' lang='lat'>‚</span> <span class='ocrx_word' id='word_1_174' title='bbox 1107 2004 1152 2031; x_wconf 78' lang='lat' dir='ltr'><strong>ac</strong></span> <span class='ocrx_word' id='word_1_175' title='bbox 1187 1989 1384 2030; x_wconf 59' lang='lat' dir='ltr'><strong>strmffurae</strong></span> 
     </span>
     <span class='ocr_line' id='line_1_34' title="bbox 501 2044 1385 2098; baseline 0.003 -17"><span class='ocrx_word' id='word_1_176' title='bbox 501 2044 739 2097; x_wconf 75' lang='lat' dir='ltr'><strong>peculiari33</strong></span> <span class='ocrx_word' id='word_1_177' title='bbox 773 2058 853 2084; x_wconf 92' lang='lat' dir='ltr'><strong>non</strong></span> <span class='ocrx_word' id='word_1_178' title='bbox 869 2047 1018 2098; x_wconf 63' lang='lat' dir='ltr'><strong>peclori</strong></span> <span class='ocrx_word' id='word_1_179' title='bbox 1038 2045 1141 2085; x_wconf 79' lang='lat' dir='ltr'><strong>affixi</strong></span> <span class='ocrx_word' id='word_1_180' title='bbox 1156 2076 1167 2094; x_wconf 81' lang='lat'><strong>‚</strong></span> <span class='ocrx_word' id='word_1_181' title='bbox 1188 2044 1252 2084; x_wconf 88' lang='lat' dir='ltr'><strong>sed</strong></span> <span class='ocrx_word' id='word_1_182' title='bbox 1269 2045 1385 2084; x_wconf 84' lang='lat' dir='ltr'><strong>lateri</strong></span> 
     </span>
     <span class='ocr_line' id='line_1_35' title="bbox 500 2098 1384 2153; baseline -0.001 -14"><span class='ocrx_word' id='word_1_183' title='bbox 500 2098 680 2139; x_wconf 81' lang='lat' dir='ltr'><strong>thoracis</strong></span> <span class='ocrx_word' id='word_1_184' title='bbox 716 2100 847 2153; x_wconf 87' lang='lat' dir='ltr'><strong>antice</strong></span> <span class='ocrx_word' id='word_1_185' title='bbox 883 2101 1020 2141; x_wconf 89' lang='lat' dir='ltr'><strong>inserti</strong></span> <span class='ocrx_word' id='word_1_186' title='bbox 1056 2101 1273 2149; x_wconf 79' lang='lat' dir='ltr'><strong>videntur3</strong></span> <span class='ocrx_word' id='word_1_187' title='bbox 1303 2099 1384 2138; x_wconf 88' lang='lat' dir='ltr'><strong>hoc</strong></span> 
     </span>
     <span class='ocr_line' id='line_1_36' title="bbox 506 2153 1387 2208; baseline 0.003 -18"><span class='ocrx_word' id='word_1_188' title='bbox 506 2154 611 2191; x_wconf 81' lang='lat' dir='ltr'><strong>enim</strong></span> <span class='ocrx_word' id='word_1_189' title='bbox 651 2153 833 2194; x_wconf 64' lang='lat' dir='ltr'><strong>infestum</strong></span> <span class='ocrx_word' id='word_1_190' title='bbox 867 2165 1008 2195; x_wconf 85' lang='lat' dir='ltr'><strong>contra</strong></span> <span class='ocrx_word' id='word_1_191' title='bbox 1041 2168 1189 2195; x_wconf 87' lang='lat' dir='ltr'><strong>morem</strong></span> <span class='ocrx_word' id='word_1_192' title='bbox 1228 2154 1387 2208; x_wconf 84' lang='lat' dir='ltr'><strong>generis</strong></span> 
     </span>
     <span class='ocr_line' id='line_1_37' title="bbox 502 2206 1385 2263; baseline 0.001 -17"><span class='ocrx_word' id='word_1_193' title='bbox 502 2206 690 2259; x_wconf 80' lang='lat' dir='ltr'><strong>peculiari</strong></span> <span class='ocrx_word' id='word_1_194' title='bbox 723 2208 889 2263; x_wconf 74' lang='lat' dir='ltr'><strong>thorace</strong></span> <span class='ocrx_word' id='word_1_195' title='bbox 920 2210 1133 2250; x_wconf 85' lang='lat' dir='ltr'><strong>instruitur.</strong></span> <span class='ocrx_word' id='word_1_196' title='bbox 1162 2209 1286 2248; x_wconf 73' lang='lat' dir='ltr'><strong>Pedes</strong></span> <span class='ocrx_word' id='word_1_197' title='bbox 1317 2208 1385 2261; x_wconf 78' lang='lat' dir='ltr'><strong>ipsi</strong></span> 
     </span>
     <span class='ocr_line' id='line_1_38' title="bbox 503 2262 1387 2317; baseline 0.001 -16"><span class='ocrx_word' id='word_1_198' title='bbox 503 2262 686 2316; x_wconf 86' lang='lat' dir='ltr'><strong>genicula</strong></span> <span class='ocrx_word' id='word_1_199' title='bbox 702 2277 783 2306; x_wconf 90' lang='lat' dir='ltr'><strong>non</strong></span> <span class='ocrx_word' id='word_1_200' title='bbox 803 2265 951 2305; x_wconf 87' lang='lat' dir='ltr'><strong>habent</strong></span> <span class='ocrx_word' id='word_1_201' title='bbox 964 2297 975 2314; x_wconf 92' lang='lat'>‚</span> <span class='ocrx_word' id='word_1_202' title='bbox 991 2266 1096 2317; x_wconf 89' lang='lat' dir='ltr'><strong>quod</strong></span> <span class='ocrx_word' id='word_1_203' title='bbox 1112 2265 1138 2303; x_wconf 82' lang='lat' dir='ltr'>fi</span> <span class='ocrx_word' id='word_1_204' title='bbox 1154 2264 1242 2303; x_wconf 79' lang='lat' dir='ltr'><strong>illos</strong></span> <span class='ocrx_word' id='word_1_205' title='bbox 1258 2262 1387 2304; x_wconf 85' lang='lat' dir='ltr'><strong>insec-</strong></span> 
     </span>
     <span class='ocr_line' id='line_1_39' title="bbox 501 2318 1382 2365; baseline 0 -9"><span class='ocrx_word' id='word_1_206' title='bbox 501 2327 583 2356; x_wconf 84' lang='lat' dir='ltr'><strong>tum</strong></span> <span class='ocrx_word' id='word_1_207' title='bbox 606 2328 790 2365; x_wconf 81' lang='lat' dir='ltr'><strong>moveat,</strong></span> <span class='ocrx_word' id='word_1_208' title='bbox 816 2321 856 2358; x_wconf 87' lang='lat' dir='ltr'><strong>id</strong></span> <span class='ocrx_word' id='word_1_209' title='bbox 881 2329 1031 2358; x_wconf 87' lang='lat' dir='ltr'><strong>tantum</strong></span> <span class='ocrx_word' id='word_1_210' title='bbox 1059 2320 1098 2358; x_wconf 90' lang='lat' dir='ltr'><strong>in</strong></span> <span class='ocrx_word' id='word_1_211' title='bbox 1126 2318 1201 2358; x_wconf 77' lang='lat' dir='ltr'><strong>basi</strong></span> <span class='ocrx_word' id='word_1_212' title='bbox 1224 2318 1289 2363; x_wconf 84' lang='lat' dir='ltr'><strong>fit,</strong></span> <span class='ocrx_word' id='word_1_213' title='bbox 1317 2318 1382 2356; x_wconf 88' lang='lat' dir='ltr'><strong>sed</strong></span> 
     </span>
     <span class='ocr_line' id='line_1_40' title="bbox 502 2370 1384 2429; baseline -0.003 -15"><span class='ocrx_word' id='word_1_214' title='bbox 502 2370 647 2414; x_wconf 66' lang='lat' dir='ltr'><strong>iafleffi</strong></span> <span class='ocrx_word' id='word_1_215' title='bbox 664 2384 747 2418; x_wconf 83' lang='lat' dir='ltr'><strong>non</strong></span> <span class='ocrx_word' id='word_1_216' title='bbox 767 2374 849 2415; x_wconf 81' lang='lat' dir='ltr'><strong>vidi</strong></span> <span class='ocrx_word' id='word_1_217' title='bbox 870 2387 882 2425; x_wconf 80' lang='lat'>3</span> <span class='ocrx_word' id='word_1_218' title='bbox 911 2372 1071 2429; x_wconf 69' lang='lat' dir='ltr'><strong>prossus</strong></span> <span class='ocrx_word' id='word_1_219' title='bbox 1095 2373 1183 2415; x_wconf 85' lang='lat' dir='ltr'><strong>sunt</strong></span> <span class='ocrx_word' id='word_1_220' title='bbox 1209 2380 1384 2425; x_wconf 71' lang='lat' dir='ltr'><strong>teretes,</strong></span> 
     </span>
    </p>
   </div>
  </div>
 </body>
</html>
