1704 2620
313 152 825 201 Intus-rRAmxonxs.
850 145 1050 192 Bruchus.'
1227 143 1309 198 265

381 261 474 312 obs:
497 265 659 301 Nomen
688 260 847 302 triviale
873 259 1008 313 primae
1022 254 1195 308 Mantzff
1215 268 1315 317 coon-.

432 317 621 366 servavi,
656 329 708 356 ne
746 313 1011 364 confundatur
1059 324 1149 354 cum
1185 321 1312 356 enoc,

435 371 614 423 rufipede.
641 373 694 412 V.

625 480 756 532 Hispa.

390 590 477 641 Obfi
502 592 615 631 Licet
637 591 753 643 hujus
770 591 927 646 generis
948 602 1095 630 nomen
1110 601 1132 628 a
1148 586 1205 627 D.
1220 585 1318 625 Fab.

440 646 718 686 conservatum
743 645 865 686 fuerit
882 677 894 696 ,
913 646 1062 699 species
1088 653 1220 683 tamen
1251 640 1320 682 sub.

439 700 521 740 hoc
568 711 717 755 genere
765 699 997 741 incedentes
1030 728 1042 745 ,
1094 700 1143 738 ad
1195 696 1323 748 hispas

438 754 669 807 Systematis
690 767 772 793 non
798 759 936 794 ornnes
957 754 1177 793 referendae
1204 753 1321 800 sunt3

438 808 505 847 sed
538 808 644 859 hispa
673 809 820 858 picipes
862 807 1043 857 Mantiff'.
1079 806 1117 846 8.
1160 807 1210 845 ad
1245 805 1324 845 hoc

436 873 562 914 genus
593 863 797 915 pertinere
821 862 996 902 videtur.
1027 863 1081 902 V.

76 1012 85 1018 ,
125 970 295 1026 Picipes.
325 972 372 1013 B.
406 969 489 1024 (la
534 971 715 1025 picipede
748 972 765 1022 )
823 972 1007 1012 antennis
1059 969 1324 1011 fufiformibus

440 1035 525 1066 atra
545 1056 557 1072 ,
588 1028 729 1080 elytris
762 1027 1002 1080 pedibusque
1034 1027 1175 1079 piceiS.

386 1081 487 1121 Hah.
521 1082 873 1121 Halae-Saxonum.
906 1082 961 1120 D.
988 1081 1162 1133 Hyhner.

389 1135 502 1186 Deli:-
531 1137 697 1177 Statura·
716 1136 878 1189 reliquis
913 1136 1089 1190 longior.
1124 1136 1325 1175 Antennae

440 1190 660 1231 fusiformes
681 1219 693 1238 ,
740 1190 1028 1231 moniliformes
1048 1221 1060 1239 ‚
1105 1190 1327 1230 extrorsum

441 1246 658 1287 crassiores.
717 1244 843 1297 Caput
886 1247 924 1286 δε
974 1246 1118 1284 thorax
1167 1244 1285 1284 laevia
1312 1273 1331 1292 ,

444 1301 606 1354 glabra,
630 1311 742 1347 atra,
773 1301 982 1341 maculata.
1011 1301 1156 1354 Elytra
1180 1300 1327 1350 laevia,

441 1357 567 1409 picea.
602 1356 728 1396 Pedes
763 1355 907 1398 breves
933 1356 1052 1409 picei.

598 1465 793 1506 Bruclms.

61 1574 308 1629 Marginalis.
333 1582 367 1627 ς.
397 1577 443 1617 Β.
474 1575 588 1625 Desit.
609 1575 809 1615 Antennae
825 1577 1016 1630 porreffiiae
1038 1576 1176 1630 nigrae.
1204 1576 1329 1629 Caput

446 1633 482 1672 ὅ(
516 1632 659 1670 thorax
692 1640 777 1670 atra
795 1662 808 1680 ‚
845 1632 988 1685 puncto
1015 1644 1141 1684 parvo
1166 1633 1330 1672 cinereo

447 1688 497 1726 ad
520 1685 624 1726 basin
651 1685 843 1727 thoracis.
870 1686 1015 1738 Elytra
1044 1686 1161 1726 laevia
1177 1716 1190 1735 ,
1218 1689 1334 1727 cine-

447 1754 545 1790 rea,
580 1740 731 1780 macula
773 1742 822 1780 ad
855 1741 958 1781 basin
979 1772 990 1790 ‚
1031 1741 1329 1793 altera'majori

448 1798 489 1848 in
518 1797 649 1835 medio
682 1796 868 1848 marginis
900 1796 1112 1835 exterioris
1134 1798 1332 1849 tertiaque

448 1851 489 1890 in
536 1851 648 1902 apice
695 1850 848 1902 elytri‚
891 1851 1029 1905 nigris.
1071 1851 1198 1891 discus
1234 1852 1332 1904 ely-

453 1913 607 1946 trorum
635 1903 920 1948 immaculatus.
951 1905 1076 1945 Pedes
1103 1906 1221 1960 nigri.

67 2014 293 2056 scabrosus.
325 2014 365 2057 6.
395 2018 441 2056 Β.
472 2015 585 2065 Desit.
617 2017 774 2056 Statura
801 2018 846 2055 B.
867 2016 1106 2065 seminarii,
1132 2025 1174 2056 at
1197 2017 1333 2070 paullo

448 2070 588 2120 major.
604 2071 802 2109 Antennae
818 2072 941 2124 nigrae
956 2101 969 2120 ‚
994 2072 1212 2111 extrorsum
1240 2073 1336 2123 sub-

449 2126 664 2166 craffiores.
688 2125 812 2176 Caput
829 2127 864 2166 &
881 2127 1023 2165 thorax
1042 2127 1170 2180 nigra.
1185 2127 1334 2180 Elytra

450 2180 564 2226 rufa,
596 2179 694 2219 striis
727 2180 895 2221 elevatis
930 2180 1074 2226 scabris
1105 2181 1334 2234 punffisque

448 2236 601 2287 aiiquot
626 2237 749 2289 nigris
767 2266 779 2285 ,
809 2235 1067 2276 holosericeis
1085 2263 1099 2282 ,
1129 2236 1274 2289 sparsis.

91 2345 309 2387 2-Punfia-
337 2357 378 2400 7.
410 2347 456 2386 B.
479 2344 592 2395 Defi.
615 2344 825 2385 Distinetus
847 2346 992 2398 puniio
1005 2357 1148 2398 magno
1165 2345 1330 2387 ocellari

75 2404 149 2447 tus.
449 2402 564 2455 nigro
579 2429 591 2453 ‚
617 2400 718 2443 iride
733 2401 836 2442 flava
853 2403 902 2441 ad
918 2401 1022 2442 basin
1040 2400 1275 2454 elytrorum.
