1704 2620
281 118 630 162 szosol’u.
661 122 1277 170 ENTOMOL.E1²110ME.
1321 131 1412 182 cciii

172 228 332 269 Nomen
357 242 502 285 vagum
533 243 607 285 pro
639 231 800 272 nomine
828 243 937 286 vago
955 261 969 282 ,
999 233 1057 272 uti
1086 233 1265 288 pleraque
1297 238 1416 289 sunt,

222 281 452 327 substituere
476 285 808 340 supervacaneum
827 285 946 327 foret.
975 288 1184 328 Mutentur
1201 292 1288 332 ideo
1307 307 1413 332 nun-

222 349 337 390 quam
357 369 372 388 ,
392 340 462 380 nist
486 341 598 382 cibus
624 351 692 382 aut
718 340 875 382 habitus
900 350 968 381 aut
985 341 1185 383 character
1209 345 1414 388 effentialis

221 394 389 447 exprimi
417 394 573 450 poffint.

675 465 811 507 Canon
843 473 906 521 53.

164 578 412 636 Dffirentiae
436 599 572 625 omnes
596 613 611 633 ,
646 600 732 640 quoe
763 585 936 637 infidum
962 600 987 626 a
1013 588 1288 638 congeneribus
1318 589 1419 627 Izaua

218 637 452 691 distinguunt
468 669 482 689 ,
505 640 630 694 falsae
640 642 749 692 fient.

164 690 393 789 Segabffus
411 704 518 735 totus
547 696 689 750 niger,
717 695 846 750 capite
874 695 1027 737 inermi.
1067 695 1419 750 Leftarabe'jayee

255 761 306 789 eo
339 778 350 790 .

165 800 272 842 Tota
313 803 458 857 speciei
502 805 685 858 cognitio
723 804 866 842 nititur
901 803 1122 842 differentia
1169 805 1338 857 ideoque
1377 805 1420 844 in

217 856 294 898 hac
319 859 529 898 condenda
565 856 711 897 summa
745 855 966 896 adhibenda
995 857 1198 909 diligentia
1221 888 1234 907 ,
1264 872 1313 898 ne
1344 872 1421 898 va-

216 913 385 950 rietates
415 910 455 951 in
482 908 699 963 specierum
726 924 929 951 numerum
958 912 1176 953 indicemus
1192 942 1207 965 ‚
1241 922 1309 953 aut
1334 913 1423 967 spe·

216 964 299 1005 cies
325 964 564 1006 varietatum
592 964 687 1007 loco
712 964 955 1007 affumamus.

669 1072 806 1115 Canon
839 1081 902 1128 54.

159 1180 397 1237 Dtfferentia
426 1184 553 1225 omnis
572 1199 595 1225 a
613 1185 796 1237 partibus
824 1184 1043 1236 infidorum
1071 1184 1176 1224 haud
1200 1183 1416 1225 ludentibus

214 1240 461 1288 defimenda.

155 1290 392 1388 'Vagietates
429 1291 622 1335 diffinitas
653 1293 730 1336 effe
769 1294 917 1349 species
949 1324 963 1345 ‚
1001 1306 1119 1335 nemo
1156 1293 1268 1334 sanus
1300 1291 1416 1334 facile

244 1356 376 1389 1xer1t.

161 1404 354 1444 Erroneae
378 1403 471 1444 ideo
501 1416 640 1445 omnes
665 1403 898 1446 differentiae
919 1403 1110 1459 specificae
1125 1433 1139 1455 ,
1173 1415 1259 1457 quae
1276 1401 1416 1444 varie-

214 1465 320 1499 tates
351 1456 448 1500 loco
476 1457 620 1513 speciei
644 1461 819 1502 tradunt.

676 1567 811 1609 Canon
844 1576 907 1619 55.

158 1675 399 1733 Diffbrenn'ae
413 1693 437 1718 a
455 1679 721 1732 magnitudine
736 1680 917 1730 defitmtae
933 1678 1038 1719 nullo
1055 1677 1165 1718 modo
1184 1677 1413 1718 tolerandae.

158 1735 401 1789 Magnitudo
427 1744 600 1775 mutatur
617 1736 658 1775 in
685 1734 939 1782 animalibus,
964 1735 1023 1773 uti
1040 1734 1079 1773 in
1094 1732 1237 1786 plantis
1253 1761 1265 1779 ‚
1285 1730 1376 1770 loco
1395 1759 1410 1776 ‚

210 1790 371 1831 climate
405 1819 419 1839 ‚
459 1789 647 1830 alimento
687 1791 856 1842 ideoque
895 1788 1042 1842 species
1094 1798 1290 1838 nunquam
1332 1786 1409 1824 rite

211 1844 476 1893 determinat,
503 1844 741 1885 mensuratio
767 1845 858 1884 ideo
885 1843 1116 1883 inseaetorum
1134 1839 1413 1880 accuratiffima

211 1898 255 1938 in
294 1899 508 1939 noviffimis
546 1899 789 1952 temporibus
820 1898 1042 1939 introducta
1086 1897 1214 1936 minus
1243 1894 1372 1947 placet
1393 1922 1410 1944 ‚

212 1965 333 2007 quum
353 1953 502 2008 semper
527 1956 680 1996 incerta
711 1953 881 2008 speciem
902 1964 1100 2005 nunquam
1125 1949 1345 2003 distinguat.

669 2067 805 2109 Canon
836 2067 899 2117 56.

156 2181 277 2225 Nota
319 2184 520 2227 collatitiae
551 2200 637 2226 cum
676 2185 769 2226 aliis
791 2183 985 2238 speciebus
1016 2181 1153 2237 diverfi
1189 2180 1339 2231 generis
1367 2177 1406 2218 ἰιι

209 2239 426 2292 dzfferentia
455 2243 663 2284 evitandae.
1250 2289 1257 2296 ·
1344 2288 1352 2295 ·

156 2294 394 2336 Differentia
418 2297 603 2338 infestum
636 2303 788 2334 tantum
809 2306 831 2333 a
864 2291 1153 2345 congeneribus
1177 2288 1405 2342 distinguit,

213 2348 414 2394 char-aster
436 2365 537 2395 vero
562 2351 610 2392 ab
639 2349 790 2390 insectis
812 2347 1051 2401 reliquorum
1076 2357 1279 2401 generum.
