1704 2620
316 95 558 136 INsEcTA
593 95 844 135 APTERA.
875 95 1048 136 Podura.
1273 106 1319 135 n

393 203 484 246 Λᾶ.
518 203 604 254 Upfi
635 213 754 258 1740.
785 221 827 256 p.
855 203 921 258 63.
955 216 987 246 t.
1014 214 1055 256 4.

527 258 638 298 Sacc.
670 270 788 313 1740.
814 275 857 311 p.
881 260 975 312 278.
1013 271 1044 299 t.
1070 268 1112 311 4.

393 314 494 354 Hah.
527 327 614 353 cum
645 317 795 366 podura
829 315 995 354 arborea
1026 315 1062 354 &
1091 313 1288 365 aquatica.

397 367 514 417 Deft.
550 369 710 408 Villosa.
739 368 933 408 Antennae
965 370 1063 421 saepe
1095 368 1327 420 inaequales,

451 423 631 463 articulis
669 424 794 463 tribus
837 437 941 473 una,
981 433 1150 475 quatuor
1189 425 1328 463 altera.

455 476 581 529 Caput
627 481 914 526 rotundatum,
966 479 1126 519 maculis
1181 478 1332 517 duabus

455 534 603 573 ovatis.
636 534 841 572 Abdomen
880 534 1014 582 linea,
1055 544 1199 586 praeter
1235 535 1331 571 duas

452 586 636 628 laterales
667 588 906 640 pallidiores.
931 591 1140 642 Aquaticae
1167 590 1331 642 podurae

454 642 689 682 varietatem
723 644 892 682 credidit
928 642 1043 683 Lina.

499 749 564 788 Ex
585 750 689 802 spec.
721 749 777 790 D.
807 749 901 791 Fab.

77 863 310 915 lignorum.
328 869 394 901 22.
427 861 473 900 P.
506 861 523 910 (
550 860 619 900 des
648 859 734 900 bois
760 862 777 909 )
816 860 996 913 plumbea
1015 890 1029 908 ,
1063 863 1218 915 capite,
1241 862 1338 903 tho-

462 927 586 963 race,
625 916 788 966 pedibus
819 915 1008 969 furcaque
1039 917 1208 969 pallidiS.

349 987 351 990 ⁴
407 969 508 1009 Hah.
539 970 578 1009 in
609 972 777 1024 Europae
811 969 929 1024 lignis
961 974 1148 1024 anziquiS.

407 1025 525 1074 Dese.
558 1026 700 1064 Parva.
748 1026 870 1075 Caput
909 1026 1123 1077 pallidum,
1162 1038 1232 1064 ore
1263 1038 1340 1064 an-

458 1079 664 1130 tennisque
693 1081 831 1134 nigris.
866 1079 1026 1118 Thorax
1053 1079 1341 1128 subrotnncins,

460 1133 628 1186 pallidus
645 1164 658 1182 ‚
685 1134 968 1175 immaculatus.
989 1134 1194 1172 Abaomen
1216 1134 1343 1185 plum-

461 1189 607 1245 heum,
631 1190 750 1242 furca
781 1189 914 1228 nivea.
943 1187 1067 1227 Pedes
1092 1188 1241 1241 pallidi.

601 1298 666 1340 Ex
696 1297 838 1340 Enum-

112 1411 299 1456 Menas-2.
328 1418 395 1464 23.
427 1412 473 1452 P.
500 1409 538 1451 la
575 1410 782 1459 monure)
822 1407 950 1448 albida
969 1437 982 1456 ‚
1017 1410 1141 1449 cauda
1178 1408 1346 1450 indivisa

463 1478 619 1505 conica.

407 1519 509 1559 Hah.
544 1533 633 1559 cum
668 1518 860 1558 fimetaria
891 1518 931 1557 in
966 1527 1072 1556 terra
1109 1519 1346 1570 pxaegnanti.

406 1574 524 1623 Dese.
551 1573 697 1612 Habitu
717 1574 754 1613 ὃ(
769 1572 912 1611 statura
933 1573 1343 1624 poduraefimecnriae,

461 1628 529 1669 sed
564 1627 723 1666 tantillo
755 1628 885 1666 minor
906 1655 919 1674 ,
957 1628 992 1666 &
1025 1628 1147 1680 magis
1170 1629 1207 1666 in
1231 1630 1348 1668 cine-

464 1695 576 1724 reum
610 1682 788 1722 colorem
818 1694 1003 1734 vergens.
1047 1683 1246 1721 Praeterea
1268 1711 1278 1728 ,
1322 1682 1349 1722 fi

467 1738 657 1778 adcurate
684 1737 863 1787 inspicias
882 1764 894 1780 ‚
925 1734 1028 1774 linea
1066 1735 1349 1788 longitudinali

463 1793 507 1832 in
543 1790 660 1830 dorso
692 1792 822 1843 capite
855 1791 904 1829 ad
941 1789 1161 1829 abdominis
1198 1792 1349 1842 apicem

464 1845 734 1886 descendente
756 1845 955 1897 magisque
972 1876 982 1890 ‚
1015 1857 1128 1897 quam
1159 1844 1353 1898 reliquum

468 1913 614 1952 corpus
626 1929 637 1949 ‚
653 1899 756 1939 fusca
769 1929 780 1948 ‚
795 1899 942 1952 insigne
958 1899 1122 1940 videbis.
1137 1900 1351 1949 Antennae,

471 1963 700 2007 computata
721 1955 824 2000 basi,
847 1955 1024 1994 articulis
1046 1965 1216 2007 quatuor
1240 1956 1356 1996 cons-

471 2018 589 2058 tant,
623 2008 792 2049 articulo
824 2009 974 2049 extimo
1000 2010 1110 2049 ovali
1128 2040 1140 2058 ‚
1167 2009 1232 2050 sed
1260 2011 1359 2051 reli·

471 2065 558 2116 quis
596 2063 857 2115 proportione
887 2063 1041 2116 majori.
1076 2064 1186 2103 Oculi
1212 2068 1316 2120 nigri
1340 2095 1354 2116 ‚

471 2118 617 2158 lineam
639 2119 788 2172 nigram
810 2118 995 2170 utrinque
1020 2120 1060 2158 in
1086 2120 1215 2172 capite
1240 2121 1356 2160 cons-

476 2174 643 2212 tituunt.
673 2176 809 2213 Partes
836 2186 973 2213 omnes
1001 2174 1134 2215 infesti
1164 2174 1254 2214 satis
1289 2178 1355 2229 pi-

473 2226 565 2271 losae
586 2257 598 2276 ‚
629 2227 843 2280 praesertim
877 2241 1057 2282 corpor.s
1093 2238 1281 2278 truncus,
1312 2232 1352 2270 in

473 2293 554 2334 quo
610 2282 678 2333 pili
729 2281 947 2335 longiores.
997 2283 1131 2321 cauda
1179 2285 1356 2336 partibus

479 2337 632 2377 constat
674 2336 828 2383 tribus,
873 2349 1036 2389 quarum
1078 2339 1231 2392 prima,
1270 2352 1356 2393 quae
