1704 2620
284 93 1014 154 luns‘rnAronssssCarabus.
1209 114 1284 164 351

413 224 623 263 maculato.
654 222 796 276 Elytra
829 222 933 262 haud
958 219 1110 261 obtusa.
1132 218 1171 258 T
1168 220 1291 258 ὴοναςε

411 278 529 319 valde
559 279 824 327 rotundatus‚
850 286 951 317 ater.
977 274 1015 318 T
1014 277 1102 315 ibiae
1120 274 1289 328 pallidae.

117 385 275 427 Affinis.
305 384 372 441 96.
403 386 451 428 C.
479 387 609 449 'Desa
661 387 754 429 Car.
804 387 885 428 lato
936 384 1181 435 simillimus,
1224 382 1291 425 sed

413 454 554 494 major.

53 549 278 592 Teutonus.
309 561 377 606 97.
407 553 455 592 C.
504 551 619 598 Delb.
665 551 807 593 Simius
852 551 1111 606 praecedenti.
1166 548 1292 602 Caput

415 607 568 661 nigrum
612 607 744 648 nitens
765 638 778 657 ,
823 607 888 647 sed
928 607 1039 657 palpi
1084 605 1294 646 inferiores

412 661 661 716 ferruginei,
698 662 920 715 superiores
956 660 1135 701 fusci.1n
1165 661 1296 701 media

412 714 547 757 fronte
569 717 752 769 punstum
775 714 1019 768 impreffum‚
1043 715 1142 769 saepe
1163 725 1296 755 tamen

414 771 684 811 obliteratum.
720 770 920 808 Antennae
941 770 1066 822 nigrae
1085 799 1097 818 ‚
1121 769 1297 810 articulis

410 826 540 876 primo
570 824 606 864 &
641 823 814 864 secundo
844 822 1097 877 ferrugineis.
1132 823 1295 863 Thorax

411 878 615 918 aurantius
644 877 812 932 glaber,
852 877 954 918 latus
973 908 985 925 ‚
1013 879 1254 932 marginatus
1281 906 1296 925 ‚

410 945 495 972 non
536 942 668 973 tamen
716 935 917 973 cordatus.
959 932 1102 986 Elytra
1149 932 1291 982 fulva,

407 987 556 1041 postice
572 987 723 1028 macula
740 1001 881 1043 magna
904 987 1101 1040 profunde
1126 1001 1298 1042 cyanea,

409 1043 497 1096 plus
531 1056 646 1095 quam
676 1044 833 1083 dimidia
872 1043 1002 1097 elytra
1041 1053 1297 1096 occupante,

412 1099 591 1151 margine
641 1107 773 1138 tamen
828 1098 1020 1138 exteriori
1069 1098 1294 1152 elytrorum

413 1152 527 1192 fulvo
554 1152 672 1205 usque
693 1154 741 1192 ad
763 1154 936 1206 apicem3
956 1151 1053 1192 striae
1080 1154 1120 1192 in
1144 1152 1297 1206 singulo

411 1207 548 1258 elytro
578 1221 722 1247 novem
741 1239 754 1258 ,
796 1221 877 1248 non
915 1208 1122 1260 punstatae.
1153 1208 1296 1246 subtus

413 1262 745 1316 caeruleo-niger
777 1262 831 1302 est
851 1293 865 1313 ‚
892 1261 1040 1313 pedore
1077 1263 1293 1313 aux-antio,

407 1318 571 1368 pedibus
612 1316 862 1371 ferrugineis.

139 1427 283 1478 Eques.
316 1425 382 1482 98.
416 1428 465 1468 C.
489 1427 602 1477 Defin
618 1426 998 1481 Elegantiffimorum
1011 1426 1129 1480 hujus
1140 1428 1300 1483 generis

414 1484 637 1521 animalium
683 1495 832 1527 unum,
880 1495 956 1522 nec
1003 1492 1133 1521 tamen
1183 1484 1299 1523 deci-

416 1537 542 1590 pienti
580 1549 677 1576 auro
712 1537 908 1589 ingratum
942 1536 1126 1576 foetorem
1154 1546 1300 1577 conte-

417 1603 531 1644 gens.
573 1590 699 1641 Caput
732 1592 916 1644 nigrum,
968 1592 1118 1643 punctis
1167 1591 1301 1644 sparfis

418 1645 602 1697 copiosis.
651 1644 811 1685 Thorax
856 1644 1028 1698 pei-feste
1071 1647 1257 1686 cordatus
1283 1677 1299 1697 ,

419 1696 608 1740 leviffime
641 1701 884 1754 marginatus
904 1730 916 1748 ‚
946 1700 1119 1741 saturate
1152 1699 1301 1743 fulvus.

416 1754 564 1808 Elytra
598 1753 682 1794 rufa
703 1785 715 1805 ‚
753 1756 789 1796 δι
822 1754 1002 1795 obsolete
1036 1754 1166 1796 striata
1204 1756 1303 1797 sub-

419 1810 660 1849 tomentosa.
701 1810 818 1850 Circa
849 1822 986 1850 eorum
1012 1811 1184 1850 medium
1215 1821 1303 1852 atra

417 1864 571 1904 macula
597 1877 762 1917 magna,
789 1877 877 1904 cum
897 1877 943 1904 ea
960 1895 972 1914 ,
999 1863 1085 1917 quae
1110 1866 1149 1905 in
1172 1866 1304 1906 altero

417 1919 546 1960 existit
594 1919 728 1973 elytro
758 1949 770 1968 ‚
815 1917 971 1960 fasciam
1018 1919 1260 1961 constituens
1289 1950 1306 1971 ,

417 1987 532 2027 quam
572 1983 702 2014 tamen
737 1973 894 2023 sutura,
923 1974 976 2014 ibi
1011 1974 1139 2015 adhuc
1163 1975 1306 2023 fulva,

416 2030 597 2079 dirimit3
641 2029 745 2068 haud
787 2029 928 2081 procul
973 2029 1022 2069 ab
1069 2031 1182 2083 apice
1227 2031 1304 2072 alia

417 2084 571 2124 macula
601 2084 728 2124 similis
746 2097 834 2124 cum
858 2085 981 2137 priori
1019 2098 1097 2138 ope
1118 2086 1306 2139 marginis

416 2140 631 2178 exterioris
670 2139 774 2179 inter
808 2149 1015 2191 utramque
1052 2140 1130 2180 atri
1162 2140 1303 2180 cohae-

422 2207 540 2240 rens,
568 2194 605 2234 ὅ(
641 2207 728 2233 cum
754 2193 892 2244 socia,
923 2193 1021 2234 nihil
1054 2194 1129 2247 jam
1163 2194 1307 2247 prohi-

414 2248 536 2288 bente
563 2247 693 2288 sutura
711 2279 724 2298 ,
748 2248 903 2289 fasciam
931 2249 1162 2289 continuam
1182 2248 1301 2289 cons-

426 2305 590 2343 tituens.
623 2304 738 2343 Sinus
765 2304 870 2344 inter
895 2313 1101 2355 utramque
1117 2303 1309 2346 maculam

422 2358 605 2412 pallidius
643 2357 804 2411 fulvus,
847 2359 887 2402 δι
923 2358 1006 2402 fere
1034 2357 1215 2414 albidus,
1246 2361 1308 2401 uti
