1704 2620
265 115 791 162 ILLUSTRATIONES.
820 120 1073 175 Pyrochroa.
1226 136 1305 181 319

432 229 664 270 undecimus
699 229 953 284 cylindricus.
991 231 1083 273 Post
1119 243 1313 278 antennas

427 284 530 322 oculi
576 283 811 327 reniformes
838 317 851 336 ‚
897 288 1121 330 transversi.
1174 292 1306 346 Regio

425 337 533 378 inter
551 339 692 380 oculos
718 342 975 395 antennisque
1000 343 1067 383 sita
1082 374 1097 393 ‚
1116 344 1308 398 cujusque

425 393 530 444 quasi
558 395 600 433 in
629 396 784 449 angulis
803 393 902 437 dicta
919 397 1090 438 membra
1107 399 1176 440 sita
1191 400 1280 440 sunt
1289 429 1309 448 ,

423 449 653 500 depreffior.
693 449 846 490 Collum
873 451 979 492 inter
1003 463 1127 506 caput·
1145 454 1184 495 &
1207 456 1310 495 tho-

423 515 556 543 racem
586 514 727 546 atrum.
746 504 787 545 T
784 507 910 546 lzorax
936 506 1020 547 fere
1046 507 1309 561 orbicularis,

425 559 558 597 medio
609 558 717 600 sulco
772 560 1001 602 laeviusculo
1039 563 1078 604 &
1123 566 1310 618 utrinque

421 613 568 664 puncto
614 624 812 657 excavato
840 645 855 664 ‚
908 617 1045 658 colore
1102 617 1310 673 eleganter

423 665 576 717 rubro,
605 668 711 708 inter
737 671 897 711 rubrum
928 685 1133 713 commune
1163 676 1200 715 ὃ(
1237 676 1308 729 ig-

428 734 578 770 neum,
604 724 870 774 intermedio;
915 738 1021 765 totus
1063 728 1152 778 pilis
1189 728 1310 780 hujus

427 775 577 814 coloris
602 777 856 817 minutiffimis
874 807 888 826 ‚
910 779 1159 820 subtiliffimis
1173 811 1187 830 ‚
1207 785 1308 824 den-

422 828 565 867 fiffimis
599 829 725 870 tectus
744 861 757 880 ‚
783 833 889 871 unde
915 832 1068 874 sericeo
1094 834 1309 888 splendore

417 882 536 922 nitet.
569 882 704 923 Pedus
729 895 870 926 atrum.
892 887 1038 940 Elytra
1064 889 1236 942 ejusdem
1257 904 1307 932 ac

419 937 562 976 thorax
601 938 784 987 coloris,
816 942 958 982 eodem
984 941 1136 984 sericeo
1168 945 1308 998 splen-

418 993 518 1032 dore
557 993 742 1036 nitentia.
784 996 932 1035 Pedum
974 999 1191 1038 anticorum
1215 1001 1308 1042 tarfi

418 1046 536 1086 lobos
556 1049 741 1102 utrinque
768 1061 962 1103 quatuor,
997 1053 1080 1104 post
1106 1067 1205 1106 quos
1231 1069 1308 1095 un-

419 1103 508 1154 guis
534 1102 779 1155 bifurcatus,
811 1116 852 1146 at
883 1107 1012 1157 postici
1037 1116 1119 1148 tres
1149 1118 1303 1152 tantum

416 1166 576 1208 gerunt.
598 1157 694 1198 Alae
720 1159 955 1214 fuliginosae.

370 1209 463 1260 ΟΜΖ
493 1222 534 1263 4.
574 1215 619 1252 In
661 1214 800 1255 nostris
836 1217 1019 1270 puncium
1059 1218 1219 1260 rubrum
1259 1221 1308 1263 in.

419 1267 609 1320 occipite.
642 1268 843 1322 Sequente
865 1272 992 1312 rarior
1013 1272 1303 1328 majorque.V.

362 1319 552 1372 satrapa.
594 1323 720 1364 Color
747 1326 967 1367 aterrimus.
1001 1326 1126 1378 Caput
1156 1333 1302 1371 corda-

291 1371 294 1374 ’
418 1385 501 1416 tum
531 1407 543 1426 ‚
592 1377 706 1431 supra
756 1380 936 1433 infraque
984 1382 1094 1435 ignei
1136 1385 1303 1427 coloris.

418 1432 619 1472 structura
645 1433 839 1474 labiorum
860 1436 1170 1489 palporumque,
1193 1449 1237 1478 ut
1259 1441 1303 1480 in

415 1487 566 1537 priore.
594 1487 710 1536 Palpi
737 1488 959 1541 superiores
988 1492 1063 1529 toti
1091 1494 1180 1534 atri.
1211 1493 1305 1533 Arz-

419 1550 549 1578 tennae
593 1549 689 1580 atrae
710 1570 725 1588 ,
776 1544 951 1584 articulis
1002 1545 1127 1585 tribus
1166 1550 1302 1600 primis

415 1592 727 1635 cuneiformibus
765 1627 778 1646 ,
817 1597 990 1639 secundo
1045 1601 1296 1654 breviffimo‚

419 1658 564 1699 quarto
586 1662 734 1690 ramum
754 1652 916 1705 longum
932 1655 1142 1696 emittente
1156 1687 1169 1706 ‚
1192 1661 1299 1711 quod

416 1704 455 1743 ὃ(
485 1703 628 1756 reliqui
657 1706 800 1746 deinde
833 1706 965 1749 facere
997 1721 1198 1764 pergunt,
1230 1712 1299 1755 sed

416 1759 648 1799 undecimus
688 1769 809 1802 teres.
838 1761 951 1802 Oculi
976 1765 1086 1815 atri,
1117 1766 1300 1809 renifor-

417 1824 530 1861 me5‚
570 1813 619 1854 ab
670 1817 854 1857 antennis
902 1818 1055 1872 magis,
1098 1834 1213 1873 quam
1252 1825 1298 1865 in

414 1867 550 1919 priore
592 1868 721 1922 specie
763 1873 938 1921 remoti,
974 1887 1053 1914 una
1086 1874 1144 1916 sui
1184 1888 1302 1930 parte

413 1930 567 1962 tantum
583 1924 624 1963 in
640 1924 841 1977 superiore
856 1928 996 1981 capitis
1006 1928 1082 1969 fiti.
1099 1933 1146 1970 In
1163 1929 1300 1975 ftonte

415 1975 536 2017 fovea
587 1979 838 2033 ampliuscula
858 2012 871 2032 ,
924 1994 1044 2037 caput
1096 1996 1301 2030 mortuum

419 2032 746 2084 repraesentatura
763 2066 776 2086 ,
809 2037 836 2076 fi
865 2037 991 2088 esset,
1023 2043 1130 2092 quod
1158 2043 1304 2084 oculo·-

416 2100 503 2126 rum
539 2087 732 2130 foramina
771 2091 955 2134 referret.
981 2092 1145 2136 Thorax
1172 2096 1302 2138 struc-

419 2151 509 2182 tura
548 2144 693 2195 prioris
720 2175 734 2196 ,
778 2146 845 2187 sed
890 2158 972 2188 tam
1011 2151 1093 2203 ipse
1120 2182 1136 2202 ,
1181 2165 1301 2204 quam

416 2198 586 2249 pectoris
612 2199 737 2240 latera
753 2231 766 2250 ‚
811 2203 920 2256 ignei
958 2204 1139 2253 coloris,
1166 2206 1299 2248 sterno

416 2261 521 2293 atro.
582 2254 717 2295 Pedias
770 2259 966 2311 pedesque
1015 2262 1055 2300 81
1106 2262 1297 2302 abdomen

411 2308 564 2359 punclis
590 2311 846 2352 minutiffirnis
862 2343 875 2362 ,
914 2314 1194 2363 creberrimis,
1224 2330 1299 2358 ex-

415 2363 566 2403 cavatis
616 2365 835 2419 conspersa.
870 2368 1013 2422 Elytra
1057 2369 1206 2413 sericea
1240 2385 1296 2413 ex
