1704 2620
367 84 606 127 ῑΝεΕετΛ
650 86 895 131 APTERA.
928 91 1100 136 Acarus.
1298 100 1356 156 ’ξς

417 194 560 237 Enum.
589 213 627 238 η,
653 208 772 252 1043.

357 258 367 265 “
419 249 520 291 Hah.
553 254 589 291 in
625 253 752 294 bobus
772 286 783 304 ‚
812 256 1005 306 canibus,
1033 258 1073 297 in
1107 259 1244 314 sylvis.

415 305 532 355 Defi.
574 306 724 360 Corpus
777 312 993 364 depressum
1020 343 1033 362 ,
1084 316 1395 370 magnitudine*

469 363 619 402 cimicis
662 364 866 407 leslularii.
907 368 1112 408 Abdometz
1150 373 1190 412 in
1236 377 1355 420 dorso

467 419 646 457 anterius
674 421 827 460 macula
856 432 1003 473 ovata,
1036 425 1077 463 iii
1110 430 1242 469 medio
1265 432 1355 484 pal-

469 470 578 519 lida,
616 475 742 514 cint‘la
775 475 974 518 fuscedine
1005 478 1113 520 strias
1137 486 1354 528 retrorsum

468 527 694 569 emittente.

416 580 509 629 Obs.
544 593 580 620 1..
614 586 755 624 Variat
781 586 948 628 colore:
980 588 1129 643 semper
1156 595 1355 647 depressus

474 636 512 676 ὅ(
539 637 677 689 planus
696 643 874 694 margine
898 643 1053 684 laterali
1082 651 1354 699 prominente.

470 690 596 732 Faun.
628 691 748 745 1966.

411 743 504 793 obs]
536 757 575 785 2,
616 749 795 793 Lentus,
833 751 961 791 cimici
995 752 1193 796 leffidario
1227 760 1354 801 simil-

466 798 580 838 limus
615 802 651 840 ἃ
686 803 895 844 concolor.
930 805 1079 858 Corpus
1116 813 1351 865 depressum.

463 853 591 893 Pedes
635 871 769 896 omnes
819 860 1022 911 aequales,
1074 878 1157 905 non
1202 872 1349 923 craffi,

466 909 644 949 articulis
704 913 836 952 multis
891 919 1095 969 compositi
1156 925 1350 978 apiceque

458 963 630 1016 pulvillo
665 967 836 1008 instruffi
870 984 919 1010 ex
953 986 1031 1023 quo
1073 989 1226 1031 ungues
1265 984 1347 1023 duo

461 1019 602 1059 minuti
633 1023 874 1074 prominent.
903 1028 1183 1082 Descripsimus
1205 1035 1246 1074 in
1267 1037 1348 1079 alio

459 1086 583 1126 opere
617 1089 757 1117 acaros
798 1080 989 1130 quosdam
1033 1088 1199 1136 pedibus
1230 1093 1345 1143 apice

463 1129 633 1170 vesicula
666 1132 856 1173 instructis
900 1140 1114 1190 praedit055
1155 1147 1346 1189 credibile

459 1183 547 1233 est,
581 1186 771 1226 vesiculas
802 1188 888 1228 illas
925 1192 1114 1244 pulvillos
1153 1198 1230 1239 effe
1259 1215 1347 1242 un-

454 1239 625 1291 guiculis
660 1241 907 1284 subtilissimis
939 1259 1139 1299 arinatOS,
1166 1252 1232 1293 sed
1262 1270 1344 1297 un-

454 1295 624 1347 guiculis
663 1310 714 1337 eo
746 1299 872 1338 minus
916 1303 1053 1355 utique
1094 1307 1345 1363 visibilibus,

452 1361 542 1389 cum
585 1351 612 1389 ii
652 1351 693 1391 in
734 1353 810 1393 hac
849 1356 1036 1410 gigantea
1082 1361 1211 1414 specie
1262 1376 1341 1409 tam

454 1405 589 1457 exigui
628 1406 713 1447 sint.
757 1409 931 1459 Rostrum
969 1413 1125 1464 breve,
1168 1421 1232 1459 cui
1267 1437 1345 1462 an·-

454 1470 581 1498 tennae
612 1461 780 1502 clavatae
806 1465 1068 1517 adplicantur.
1092 1471 1212 1513 Color
1229 1489 1341 1518 non-

452 1513 551 1552 nihil
589 1517 734 1557 variat.
762 1519 860 1558 Alia
896 1520 1105 1572 specimina
1141 1527 1218 1568 basi
1250 1545 1341 1572 ma..

452 1568 541 1606 cula
581 1571 739 1611 cinerea
773 1574 811 1613 ὅτ
845 1587 916 1625 per
957 1577 1154 1632 reliquum
1189 1596 1337 1639 corpus

450 1623 731 1665 minutioribus
783 1627 868 1667 aliis
913 1642 1056 1673 notata
1097 1635 1215 1688 sunt;
1258 1642 1337 1684 alia

450 1676 527 1716 basi
567 1680 718 1720 macula
756 1682 892 1732 nulla,
929 1685 994 1726 sed
1030 1704 1166 1741 corpus
1205 1702 1338 1739 totum

445 1744 497 1770 ex
539 1730 849 1777 fusco-testaceo
893 1740 1095 1783 cinereum
1118 1775 1131 1794 ,
1173 1752 1337 1793 maculis

447 1786 675 1837 quibusdam
726 1790 960 1846 lineolisque
1014 1799 1138 1853 nigris
1183 1803 1336 1857 sparfis.

443 1843 495 1880 Et
526 1841 613 1883 haec
643 1846 798 1896 quidem
829 1851 937 1890 nudo
970 1854 1092 1894 oculo
1124 1857 1334 1904 videntur.

443 1897 510 1935 Ad
564 1896 714 1940 lentem
769 1904 909 1954 puncta
960 1919 1156 1950 excavata
1205 1914 1334 1968 sparsa

440 1964 698 2004 comparent;
722 1957 910 1997 abdomen
939 1963 1072 2004 antice
1099 1979 1335 2024 crenatum,

441 2019 494 2044 ex
524 2020 599 2058 qua
623 2021 744 2050 crena
777 2014 934 2062 rostrum
963 2017 1001 2057 ὅτ
1026 2031 1209 2062 antennae
1234 2039 1333 2078 pro-

440 2061 578 2100 deunt.
610 2065 747 2104 Lineae
773 2078 967 2120 praeterea
998 2074 1085 2114 duae
1121 2091 1330 2124 excavatae

444 2116 705 2170 divergentes
737 2121 778 2160 in
817 2123 894 2163 basi
943 2126 1149 2183 lateraque
1201 2138 1329 2180 totius
1389 2146 1391 2150 '

438 2172 658 2212 abdominis
708 2179 886 2230 margine
945 2181 1061 2236 supra
1114 2186 1328 2244 subtusque

438 2226 649 2266 introrsum
701 2231 950 2274 denticulato
1008 2239 1148 2281 cinsta.
1208 2244 1325 2289 Oculi

436 2282 610 2332 anusque
641 2285 760 2325 etiam
793 2290 1060 2345 microscopio
1103 2295 1183 2338 sese
1224 2299 1323 2342 sub...

436 2335 600 2380 ducunt.
628 2337 770 2382 Enum.
