1704 2620
330 147 574 188 Inssscu
607 142 854 185 APTERA.
884 108 1110 179 Pediculus.
1295 144 1369 185 27.

469 254 590 310 gridis
650 249 834 306 pediculo
899 247 1091 290 convenit
1124 259 1136 293 ;
1193 241 1350 293 insuper

471 312 578 351 hunc
601 307 777 349 ultimum
809 301 1031 360 pediculum
1050 301 1147 354 Syst.
1177 295 1351 349 expresse

472 364 721 406 enumeravit
746 363 796 401 D.
815 357 936 411 Geoffl
955 360 1047 398 inde
1076 353 1352 409 synonymiam

472 420 702 473 sequentem
736 414 986 458 conservavi.
1012 415 1065 452 V.

96 536 316 592 Meleagri·
351 543 419 590 29.
449 533 495 574 P.
527 531 622 583 (du
677 527 868 577 dindon)
925 520 1174 577 meleagridis
1226 515 1357 572 gallo·-

120 594 194 634 dis.
475 586 658 640 pavonis.
684 588 704 604 ⁴*
847 632 849 637 ‚

421 642 524 683 Red.
555 656 643 692 exp.
670 651 703 677 t.
731 641 814 678 22?

430 697 527 737 Fab.
561 706 627 749 32.
665 695 797 746 capite
823 692 988 743 trigono
1025 684 1194 732 obtuso,
1231 682 1362 722 abdo-

483 751 588 790 mine
615 756 742 788 ovato
758 744 763 750 ’
772 743 916 800 griseo.
1356 779 1362 783 ,

432 804 556 859 Geoffl
584 803 653 853 ins:
683 801 928 853 parifi,tom.
956 808 996 838 2.
1031 812 1073 849 p.
1093 793 1186 836 620.
1225 808 1264 832 n.
1292 803 1330 845 9.

423 860 568 901 Enum.
607 872 645 898 n.
676 866 798 910 1029.

429 914 556 956 Faun.
585 912 716 952 Fridr.
744 927 783 950 n.
814 909 909 950 810.

433 968 533 1012 Hah.
561 970 600 1009 in
627 965 1000 1022 gallo-pavonibus.

431 1025 547 1075 Desit.
575 1022 702 1075 Caput
720 1022 878 1076 planum
892 1049 906 1068 ‚
928 1019 1060 1060 antice
1086 1015 1338 1057 rotundatum
1359 1043 1372 1061 ‚

487 1078 636 1135 postice
679 1080 845 1118 dentato
861 1102 885 1110 -
904 1074 1131 1129 angulatum
1150 1103 1162 1122 ,
1194 1070 1370 1123 margine

490 1132 707 1177 retrorsum
753 1131 989 1172 subuiatum.
1038 1127 1077 1167 T
1075 1129 1200 1167 lzorax
1242 1125 1374 1163 medio

493 1191 684 1230 cordatus
698 1218 710 1239 ,
727 1190 914 1238 utrinque
931 1183 1154 1238 angulanis.
1168 1179 1374 1220 Abdomen

493 1244 662 1300 griseum
696 1241 719 1282 8
761 1242 829 1283 vel
848 1251 910 1293 ⁴10
942 1237 1120 1279 incisuris
1157 1233 1380 1288 longitudi-

493 1300 639 1340 naliter
656 1299 695 1338 in
716 1299 847 1338 medio
866 1295 978 1335 albis.
994 1292 1191 1333 Antennae
1216 1290 1374 1329 breves.

495 1354 638 1395 Affinis
666 1352 858 1406 pediculis
889 1350 1064 1402 caponis.
1090 1346 1214 1387 Faun.
1235 1341 1352 1397 1958.

437 1409 510 1451 Ses
549 1420 742 1451 antennes
780 1409 872 1458 fimt
917 1416 1082 1444 courtes.
1131 1401 1187 1440 Sa
1228 1405 1302 1439 τέτε
1336 1398 1384 1448 est

501 1464 650 1517 aplatie
668 1494 682 1512 ,
734 1463 918 1503 arrondie
960 1461 1032 1510 sur
1092 1457 1126 1497 le
1170 1457 1314 1496 devant
1350 1453 1383 1491 δ’

496 1522 630 1575 forme
662 1533 739 1569 par
766 1517 931 1557 derriere
966 1516 1034 1553 des
1068 1512 1204 1561 angles
1239 1511 1384 1558 aigus,

494 1574 654 1628 presq1ce
665 1571 901 1622 semblables
921 1571 943 1609 ὰ
960 1570 1029 1608 des
1050 1569 1163 1606 dents
1181 1564 1383 1616 pointues.

504 1628 586 1668 Son
627 1639 764 1667 ventre
808 1625 978 1676 composti
1011 1625 1056 1663 de
1090 1621 1173 1661 lzuit
1211 1634 1257 1658 ou
1295 1616 1394 1668 neu-f

502 1697 687 1723 anneaux
703 1712 718 1730 ,
749 1682 797 1731 est.
815 1682 898 1731 gris
913 1681 984 1729 sur
1016 1679 1071 1717 les
1098 1676 1200 1715 c6te‘s
1222 1674 1253 1712 δ’
1276 1672 1390 1712 blanc

506 1753 555 1778 au
576 1738 710 1777 milieu
729 1737 829 1776 dans
848 1735 1013 1784 τουπ-[ἂ
1034 1733 1233 1782 longueur.
1256 1725 1389 1768 Geoff.

451 1794 544 1844 Obfi
588 1791 738 1832 Nescio
768 1805 817 1831 an
849 1790 934 1830 haec
963 1788 1112 1842 species
1139 1786 1275 1826 eadem
1302 1795 1391 1823 cum

510 1848 578 1889 ina
618 1860 732 1900 quam
783 1845 841 1886 ill.
890 1845 1005 1884 Lina.
1040 1843 1182 1883 eodem
1233 1840 1394 1880 nomine

503 1902 722 1957 insignivit.
744 1902 820 1942 Vir
847 1900 913 1941 hic
949 1898 1227 1941 celeberrimus
1255 1894 1393 1934 laudat

505 1971 580 2012 pro
612 1957 682 1997 suo
714 1956 861 1996 infesto
889 1952 1183 2007 Entomologiae
1210 1952 1251 1990 in
1285 1951 1393 1990 Ger-

511 2012 640 2053 mania
669 2011 786 2051 facile
818 2019 1023 2063 parentem
1044 2039 1056 2057 ‚
1096 2006 1395 2048 celeberrimum

515 2067 723 2116 Frifitlzium
740 2081 748 2105 :
766 2065 832 2106 sed
850 2065 914 2106 hic
936 2064 1016 2117 ipse
1035 2062 1247 2103 dostiffimo
1270 2059 1397 2112 equiti

512 2121 788 2169 contradicit,
829 2133 945 2174 quem
973 2119 1136 2159 laudato
1167 2116 1262 2157 loco
1295 2115 1400 2155 deli-

513 2187 609 2218 neat
642 2175 892 2229 pediculum,
920 2177 959 2214 in
992 2174 1159 2214 ciconiis
1184 2183 1399 2210 occurrere

512 2232 713 2274 adserens.
737 2232 887 2271 Laudat
913 2231 951 2271 δί
976 2230 1088 2268 Redit·
1117 2229 1303 2275 iconem3
1331 2224 1397 2266 sed

519 2300 635 2340 quam
650 2286 742 2327 huic
759 2287 867 2327 iconi
889 2284 1172 2325 dissimillimum
1188 2280 1371 2320 infectum
1386 2308 1400 2325 ,

516 2344 625 2395 quod
669 2340 734 2381 hie
774 2340 1004 2392 descripturi
1036 2338 1194 2378 sumus?
1230 2337 1270 2376 Si
1313 2335 1399 2387 quis

521 2397 758 2450 coiijec‘xurae
774 2394 886 2437 locus
897 2422 910 2444 ,
925 2393 1070 2449 gallina
1087 2392 1157 2434 illa
1173 2391 1376 2433 Affricana
1387 2416 1401 2440 ‚
