<?xml version="1.0" encoding="UTF-8"?>
<!DOCTYPE html PUBLIC "-//W3C//DTD XHTML 1.0 Transitional//EN"
    "http://www.w3.org/TR/xhtml1/DTD/xhtml1-transitional.dtd">
<html xmlns="http://www.w3.org/1999/xhtml" xml:lang="en" lang="en">
 <head>
  <title>
</title>
<meta http-equiv="Content-Type" content="text/html;charset=utf-8" />
  <meta name='ocr-system' content='tesseract 3.04.00' />
  <meta name='ocr-capabilities' content='ocr_page ocr_carea ocr_par ocr_line ocrx_word'/>
</head>
<body>
  <div class='ocr_page' id='page_1' title='image "./carolilinnient04linn_0096.png"; bbox 0 0 1704 2620; ppageno 0'>
   <div class='ocr_carea' id='block_1_1' title="bbox 340 110 1339 161">
    <p class='ocr_par' dir='ltr' id='par_1_1' title="bbox 340 110 1339 161">
     <span class='ocr_line' id='line_1_1' title="bbox 340 110 1339 161; baseline 0.015 -14"><span class='ocrx_word' id='word_1_1' title='bbox 340 113 400 161; x_wconf 64' lang='grc' dir='ltr'><strong>ρο</strong></span> <span class='ocrx_word' id='word_1_2' title='bbox 601 113 852 155; x_wconf 64' lang='lat' dir='ltr'><strong>Inuca-A</strong></span> <span class='ocrx_word' id='word_1_3' title='bbox 877 113 1129 157; x_wconf 65' lang='lat' dir='ltr'><strong>APTERA.</strong></span> <span class='ocrx_word' id='word_1_4' title='bbox 1158 110 1339 161; x_wconf 62' lang='lat' dir='ltr'><strong>Araneael</strong></span> 
     </span>
    </p>
   </div>
   <div class='ocr_carea' id='block_1_2' title="bbox 675 223 1681 995">
    <p class='ocr_par' dir='ltr' id='par_1_2' title="bbox 723 223 1621 335">
     <span class='ocr_line' id='line_1_2' title="bbox 723 223 1621 278; baseline 0.007 -14"><span class='ocrx_word' id='word_1_5' title='bbox 723 223 929 278; x_wconf 84' lang='lat' dir='ltr'><strong>longiores</strong></span> <span class='ocrx_word' id='word_1_6' title='bbox 940 254 953 274; x_wconf 93' lang='lat'><strong>‚</strong></span> <span class='ocrx_word' id='word_1_7' title='bbox 968 234 1139 278; x_wconf 85' lang='lat' dir='ltr'><strong>quatuor</strong></span> <span class='ocrx_word' id='word_1_8' title='bbox 1150 226 1376 267; x_wconf 84' lang='lat' dir='ltr'><strong>intermedii</strong></span> <span class='ocrx_word' id='word_1_9' title='bbox 1389 224 1621 270; x_wconf 53' lang='lat' dir='ltr'><strong>breviores}</strong></span> 
     </span>
     <span class='ocr_line' id='line_1_3' title="bbox 729 279 1472 335; baseline 0.008 -18"><span class='ocrx_word' id='word_1_10' title='bbox 729 279 844 318; x_wconf 86' lang='lat' dir='ltr'><em>Oculi</em></span> <span class='ocrx_word' id='word_1_11' title='bbox 877 280 958 319; x_wconf 85' lang='lat' dir='ltr'><strong>duo</strong></span> <span class='ocrx_word' id='word_1_12' title='bbox 989 280 1141 331; x_wconf 84' lang='lat' dir='ltr'><strong>lucidi,</strong></span> <span class='ocrx_word' id='word_1_13' title='bbox 1174 282 1243 322; x_wconf 81' lang='lat' dir='ltr'><strong>alii</strong></span> <span class='ocrx_word' id='word_1_14' title='bbox 1270 282 1390 335; x_wconf 88' lang='lat' dir='ltr'><strong>nigri.</strong></span> <span class='ocrx_word' id='word_1_15' title='bbox 1417 285 1472 323; x_wconf 91' lang='lat' dir='ltr'><strong>V.</strong></span> 
     </span>
    </p>

    <p class='ocr_par' dir='ltr' id='par_1_3' title="bbox 675 332 1681 830">
     <span class='ocr_line' id='line_1_4' title="bbox 675 332 1621 385; baseline 0.003 -11"><span class='ocrx_word' id='word_1_16' title='bbox 675 333 794 385; x_wconf 71' lang='lat' dir='ltr'><strong>Desit.</strong></span> <span class='ocrx_word' id='word_1_17' title='bbox 811 332 912 374; x_wconf 82' lang='lat' dir='ltr'><strong>Tota</strong></span> <span class='ocrx_word' id='word_1_18' title='bbox 932 345 1033 377; x_wconf 79' lang='lat' dir='ltr'><strong>atra,</strong></span> <span class='ocrx_word' id='word_1_19' title='bbox 1061 336 1186 378; x_wconf 83' lang='lat' dir='ltr'><em>Pedes</em></span> <span class='ocrx_word' id='word_1_20' title='bbox 1216 337 1392 379; x_wconf 88' lang='lat' dir='ltr'><strong>testacei.</strong></span> <span class='ocrx_word' id='word_1_21' title='bbox 1412 338 1621 377; x_wconf 77' lang='lat' dir='ltr'><strong>Abdomerz</strong></span> 
     </span>
     <span class='ocr_line' id='line_1_5' title="bbox 728 388 1623 446; baseline 0.006 -18"><span class='ocrx_word' id='word_1_22' title='bbox 728 388 938 443; x_wconf 87' lang='lat' dir='ltr'><strong>globosum</strong></span> <span class='ocrx_word' id='word_1_23' title='bbox 955 420 968 439; x_wconf 92' lang='lat'><strong>‚</strong></span> <span class='ocrx_word' id='word_1_24' title='bbox 998 390 1175 445; x_wconf 78' lang='lat' dir='ltr'><strong>glabrum</strong></span> <span class='ocrx_word' id='word_1_25' title='bbox 1195 423 1208 442; x_wconf 92' lang='lat'>‚</span> <span class='ocrx_word' id='word_1_26' title='bbox 1236 393 1402 432; x_wconf 88' lang='lat' dir='ltr'><strong>nitidum</strong></span> <span class='ocrx_word' id='word_1_27' title='bbox 1419 422 1431 441; x_wconf 90' lang='lat'>,</span> <span class='ocrx_word' id='word_1_28' title='bbox 1468 394 1623 446; x_wconf 74' lang='lat' dir='ltr'><strong>punffis</strong></span> 
     </span>
     <span class='ocr_line' id='line_1_6' title="bbox 726 444 1618 501; baseline 0.004 -18"><span class='ocrx_word' id='word_1_29' title='bbox 726 444 884 484; x_wconf 79' lang='lat' dir='ltr'><strong>duobus</strong></span> <span class='ocrx_word' id='word_1_30' title='bbox 905 458 989 485; x_wconf 89' lang='lat' dir='ltr'><strong>non</strong></span> <span class='ocrx_word' id='word_1_31' title='bbox 1006 446 1198 487; x_wconf 83' lang='lat' dir='ltr'><strong>coloratis</strong></span> <span class='ocrx_word' id='word_1_32' title='bbox 1218 461 1240 487; x_wconf 87' lang='lat' dir='ltr'>a</span> <span class='ocrx_word' id='word_1_33' title='bbox 1261 458 1378 501; x_wconf 87' lang='lat' dir='ltr'><strong>tergo</strong></span> <span class='ocrx_word' id='word_1_34' title='bbox 1410 449 1450 487; x_wconf 91' lang='lat' dir='ltr'><strong>in</strong></span> <span class='ocrx_word' id='word_1_35' title='bbox 1484 449 1618 488; x_wconf 90' lang='lat' dir='ltr'><strong>medio</strong></span> 
     </span>
     <span class='ocr_line' id='line_1_7' title="bbox 724 499 1681 556; baseline 0.002 -16"><span class='ocrx_word' id='word_1_36' title='bbox 724 499 914 552; x_wconf 85' lang='lat' dir='ltr'><strong>impreffis</strong></span> <span class='ocrx_word' id='word_1_37' title='bbox 946 510 1159 550; x_wconf 86' lang='lat' dir='ltr'><strong>notatum,</strong></span> <span class='ocrx_word' id='word_1_38' title='bbox 1191 504 1228 543; x_wconf 70' lang='grc' dir='ltr'>ἃ</span> <span class='ocrx_word' id='word_1_39' title='bbox 1259 503 1285 542; x_wconf 80' lang='lat' dir='ltr'><strong>si</strong></span> <span class='ocrx_word' id='word_1_40' title='bbox 1317 503 1443 556; x_wconf 87' lang='lat' dir='ltr'>probe</span> <span class='ocrx_word' id='word_1_41' title='bbox 1475 512 1621 542; x_wconf 86' lang='lat' dir='ltr'><strong>atten-</strong></span> <span class='ocrx_word' id='word_1_42' title='bbox 1679 529 1681 534; x_wconf 87' lang='lat'><em>.</em></span> 
     </span>
     <span class='ocr_line' id='line_1_8' title="bbox 725 555 1620 610; baseline 0.003 -16"><span class='ocrx_word' id='word_1_43' title='bbox 725 556 821 603; x_wconf 79' lang='lat' dir='ltr'>das,</span> <span class='ocrx_word' id='word_1_44' title='bbox 850 555 936 596; x_wconf 82' lang='lat' dir='ltr'><strong>aliis</strong></span> <span class='ocrx_word' id='word_1_45' title='bbox 963 556 1092 596; x_wconf 83' lang='lat' dir='ltr'><strong>adhuc</strong></span> <span class='ocrx_word' id='word_1_46' title='bbox 1124 557 1306 607; x_wconf 83' lang='lat' dir='ltr'><strong>duobus,</strong></span> <span class='ocrx_word' id='word_1_47' title='bbox 1332 557 1466 610; x_wconf 81' lang='lat' dir='ltr'><strong>paullo</strong></span> <span class='ocrx_word' id='word_1_48' title='bbox 1501 567 1620 597; x_wconf 83' lang='lat' dir='ltr'><strong>ante-</strong></span> 
     </span>
     <span class='ocr_line' id='line_1_9' title="bbox 722 609 1620 665; baseline 0.003 -16"><span class='ocrx_word' id='word_1_49' title='bbox 722 609 925 660; x_wconf 90' lang='lat' dir='ltr'><strong>rioribus,</strong></span> <span class='ocrx_word' id='word_1_50' title='bbox 955 611 1022 652; x_wconf 87' lang='lat' dir='ltr'><strong>sed</strong></span> <span class='ocrx_word' id='word_1_51' title='bbox 1050 611 1283 653; x_wconf 82' lang='lat' dir='ltr'><strong>minoribus.</strong></span> <span class='ocrx_word' id='word_1_52' title='bbox 1320 614 1356 651; x_wconf 91' lang='lat' dir='ltr'>A</span> <span class='ocrx_word' id='word_1_53' title='bbox 1388 614 1518 664; x_wconf 84' lang='lat' dir='ltr'><strong>capite</strong></span> <span class='ocrx_word' id='word_1_54' title='bbox 1548 625 1620 665; x_wconf 89' lang='lat' dir='ltr'><strong>per</strong></span> 
     </span>
     <span class='ocr_line' id='line_1_10' title="bbox 725 666 1621 708; baseline 0.004 -4"><span class='ocrx_word' id='word_1_55' title='bbox 725 666 924 705; x_wconf 75' lang='lat' dir='ltr'><strong>thoracem</strong></span> <span class='ocrx_word' id='word_1_56' title='bbox 944 668 979 708; x_wconf 74' lang='grc' dir='ltr'><strong>ὅ(</strong></span> <span class='ocrx_word' id='word_1_57' title='bbox 996 667 1183 706; x_wconf 83' lang='lat' dir='ltr'><strong>abdomen</strong></span> <span class='ocrx_word' id='word_1_58' title='bbox 1208 667 1366 707; x_wconf 85' lang='lat' dir='ltr'><strong>ducitur</strong></span> <span class='ocrx_word' id='word_1_59' title='bbox 1384 666 1488 705; x_wconf 84' lang='lat' dir='ltr'><strong>linea</strong></span> <span class='ocrx_word' id='word_1_60' title='bbox 1514 669 1621 708; x_wconf 64' lang='lat' dir='ltr'><strong>inter·</strong></span> 
     </span>
     <span class='ocr_line' id='line_1_11' title="bbox 726 720 1620 774; baseline 0.001 -15"><span class='ocrx_word' id='word_1_61' title='bbox 726 721 962 774; x_wconf 66' lang='lat' dir='ltr'><strong>punstorum</strong></span> <span class='ocrx_word' id='word_1_62' title='bbox 992 723 1100 774; x_wconf 77' lang='lat' dir='ltr'><strong>paria</strong></span> <span class='ocrx_word' id='word_1_63' title='bbox 1131 724 1180 762; x_wconf 84' lang='lat' dir='ltr'><strong>ad</strong></span> <span class='ocrx_word' id='word_1_64' title='bbox 1223 735 1341 763; x_wconf 81' lang='lat' dir='ltr'><strong>anum</strong></span> <span class='ocrx_word' id='word_1_65' title='bbox 1383 720 1507 773; x_wconf 77' lang='lat' dir='ltr'><strong>usquo</strong></span> <span class='ocrx_word' id='word_1_66' title='bbox 1535 721 1620 766; x_wconf 75' lang='lat' dir='ltr'><strong>so)-</strong></span> 
     </span>
     <span class='ocr_line' id='line_1_12' title="bbox 729 775 1572 830; baseline 0.004 -16"><span class='ocrx_word' id='word_1_67' title='bbox 729 775 822 816; x_wconf 90' lang='lat' dir='ltr'><strong>dide</strong></span> <span class='ocrx_word' id='word_1_68' title='bbox 849 776 1032 818; x_wconf 81' lang='lat' dir='ltr'><strong>testacea.</strong></span> <span class='ocrx_word' id='word_1_69' title='bbox 1062 776 1191 820; x_wconf 74' lang='lat' dir='ltr'><strong>Faun.</strong></span> <span class='ocrx_word' id='word_1_70' title='bbox 1223 787 1343 830; x_wconf 86' lang='lat'><strong>1997.</strong></span> <span class='ocrx_word' id='word_1_71' title='bbox 1568 815 1572 822; x_wconf 20' lang='grc' dir='ltr'>λ</span> 
     </span>
    </p>

    <p class='ocr_par' dir='ltr' id='par_1_4' title="bbox 677 828 1623 995">
     <span class='ocr_line' id='line_1_13' title="bbox 677 828 1621 884; baseline 0 -15"><span class='ocrx_word' id='word_1_72' title='bbox 677 828 768 880; x_wconf 81' lang='lat' dir='ltr'><strong>Obs.</strong></span> <span class='ocrx_word' id='word_1_73' title='bbox 803 831 921 871; x_wconf 88' lang='lat' dir='ltr'><strong>Oculi</strong></span> <span class='ocrx_word' id='word_1_74' title='bbox 954 831 1197 884; x_wconf 84' lang='lat' dir='ltr'><strong>subaequales</strong></span> <span class='ocrx_word' id='word_1_75' title='bbox 1236 833 1276 872; x_wconf 91' lang='lat' dir='ltr'><strong>in</strong></span> <span class='ocrx_word' id='word_1_76' title='bbox 1320 833 1510 884; x_wconf 84' lang='lat' dir='ltr'><strong>quadrum</strong></span> <span class='ocrx_word' id='word_1_77' title='bbox 1537 829 1621 870; x_wconf 75' lang='lat' dir='ltr'><strong>dis-</strong></span> 
     </span>
     <span class='ocr_line' id='line_1_14' title="bbox 729 884 1623 940; baseline 0.002 -15"><span class='ocrx_word' id='word_1_78' title='bbox 729 885 845 939; x_wconf 84' lang='lat' dir='ltr'><strong>pofiti</strong></span> <span class='ocrx_word' id='word_1_79' title='bbox 878 886 966 927; x_wconf 86' lang='lat' dir='ltr'><strong>sunt</strong></span> <span class='ocrx_word' id='word_1_80' title='bbox 1004 889 1165 939; x_wconf 86' lang='lat' dir='ltr'><strong>duoque</strong></span> <span class='ocrx_word' id='word_1_81' title='bbox 1207 888 1395 940; x_wconf 89' lang='lat' dir='ltr'><strong>utrinque</strong></span> <span class='ocrx_word' id='word_1_82' title='bbox 1432 884 1623 927; x_wconf 79' lang='lat' dir='ltr'><strong>laterales</strong></span> 
     </span>
     <span class='ocr_line' id='line_1_15' title="bbox 727 940 1137 995; baseline 0.01 -14"><span class='ocrx_word' id='word_1_83' title='bbox 727 940 1055 995; x_wconf 83' lang='lat' dir='ltr'><strong>conspicuuntur.</strong></span> <span class='ocrx_word' id='word_1_84' title='bbox 1083 945 1137 985; x_wconf 89' lang='lat' dir='ltr'><strong>V.</strong></span> 
     </span>
    </p>
   </div>
   <div class='ocr_carea' id='block_1_3' title="bbox 344 1048 1628 1550">
    <p class='ocr_par' dir='ltr' id='par_1_5' title="bbox 344 1048 1620 1157">
     <span class='ocr_line' id='line_1_16' title="bbox 344 1048 1620 1107; baseline 0.002 -17"><span class='ocrx_word' id='word_1_85' title='bbox 344 1048 582 1092; x_wconf 72' lang='lat' dir='ltr'><strong>&#39;Arundina-</strong></span> <span class='ocrx_word' id='word_1_86' title='bbox 610 1061 654 1102; x_wconf 91' lang='lat'><strong>7.</strong></span> <span class='ocrx_word' id='word_1_87' title='bbox 684 1051 740 1093; x_wconf 88' lang='lat' dir='ltr'><strong>A.</strong></span> <span class='ocrx_word' id='word_1_88' title='bbox 771 1054 788 1102; x_wconf 92' lang='lat'><strong>(</strong></span> <span class='ocrx_word' id='word_1_89' title='bbox 815 1053 884 1093; x_wconf 89' lang='lat' dir='ltr'><strong>des</strong></span> <span class='ocrx_word' id='word_1_90' title='bbox 912 1053 1119 1104; x_wconf 86' lang='lat' dir='ltr'><strong>roseaux)</strong></span> <span class='ocrx_word' id='word_1_91' title='bbox 1147 1053 1359 1094; x_wconf 86' lang='lat' dir='ltr'><strong>abdomine</strong></span> <span class='ocrx_word' id='word_1_92' title='bbox 1381 1050 1620 1107; x_wconf 86' lang='lat' dir='ltr'><strong>subgloboso</strong></span> 
     </span>
     <span class='ocr_line' id='line_1_17' title="bbox 370 1106 1419 1157; baseline 0 -8"><span class='ocrx_word' id='word_1_93' title='bbox 370 1118 459 1149; x_wconf 81' lang='lat' dir='ltr'><strong>cea.</strong></span> <span class='ocrx_word' id='word_1_94' title='bbox 732 1106 853 1157; x_wconf 83' lang='lat' dir='ltr'><strong>albo,</strong></span> <span class='ocrx_word' id='word_1_95' title='bbox 887 1110 1051 1150; x_wconf 85' lang='lat' dir='ltr'><strong>maculis</strong></span> <span class='ocrx_word' id='word_1_96' title='bbox 1082 1109 1208 1151; x_wconf 89' lang='lat' dir='ltr'><strong>dilute</strong></span> <span class='ocrx_word' id='word_1_97' title='bbox 1237 1108 1370 1150; x_wconf 86' lang='lat' dir='ltr'><strong>fuscis.</strong></span> <span class='ocrx_word' id='word_1_98' title='bbox 1399 1112 1419 1130; x_wconf 76' lang='lat'><strong>&#39;¹</strong></span> 
     </span>
    </p>

    <p class='ocr_par' dir='ltr' id='par_1_6' title="bbox 677 1161 1166 1219">
     <span class='ocr_line' id='line_1_18' title="bbox 677 1161 1166 1219; baseline 0.004 -17"><span class='ocrx_word' id='word_1_99' title='bbox 677 1161 803 1204; x_wconf 84' lang='lat' dir='ltr'><strong>Faun.</strong></span> <span class='ocrx_word' id='word_1_100' title='bbox 837 1162 965 1204; x_wconf 82' lang='lat' dir='ltr'><strong>Fridr.</strong></span> <span class='ocrx_word' id='word_1_101' title='bbox 1001 1181 1041 1206; x_wconf 85' lang='lat' dir='ltr'><strong>n.</strong></span> <span class='ocrx_word' id='word_1_102' title='bbox 1070 1164 1166 1219; x_wconf 87' lang='lat'><strong>827.</strong></span> 
     </span>
    </p>

    <p class='ocr_par' dir='ltr' id='par_1_7' title="bbox 678 1217 1348 1274">
     <span class='ocr_line' id='line_1_19' title="bbox 678 1217 1348 1274; baseline 0.004 -17"><span class='ocrx_word' id='word_1_103' title='bbox 678 1217 781 1258; x_wconf 81' lang='lat' dir='ltr'><strong>Hah.</strong></span> <span class='ocrx_word' id='word_1_104' title='bbox 809 1219 848 1257; x_wconf 84' lang='lat' dir='ltr'><strong>in</strong></span> <span class='ocrx_word' id='word_1_105' title='bbox 878 1222 1114 1261; x_wconf 78' lang='lat' dir='ltr'><strong>arundinum</strong></span> <span class='ocrx_word' id='word_1_106' title='bbox 1140 1219 1348 1274; x_wconf 82' lang='lat' dir='ltr'><strong>paniculis.</strong></span> 
     </span>
    </p>

    <p class='ocr_par' dir='ltr' id='par_1_8' title="bbox 675 1272 1628 1550">
     <span class='ocr_line' id='line_1_20' title="bbox 675 1272 1628 1329; baseline 0.002 -17"><span class='ocrx_word' id='word_1_107' title='bbox 675 1272 794 1323; x_wconf 82' lang='lat' dir='ltr'><strong>Desc.</strong></span> <span class='ocrx_word' id='word_1_108' title='bbox 817 1273 879 1314; x_wconf 88' lang='lat' dir='ltr'><strong>Est</strong></span> <span class='ocrx_word' id='word_1_109' title='bbox 906 1276 1014 1316; x_wconf 73' lang='lat' dir='ltr'><strong>inter</strong></span> <span class='ocrx_word' id='word_1_110' title='bbox 1044 1278 1220 1317; x_wconf 88' lang='lat' dir='ltr'><strong>minores</strong></span> <span class='ocrx_word' id='word_1_111' title='bbox 1246 1275 1405 1329; x_wconf 87' lang='lat' dir='ltr'><strong>generis</strong></span> <span class='ocrx_word' id='word_1_112' title='bbox 1432 1274 1505 1315; x_wconf 89' lang='lat' dir='ltr'><strong>sui.</strong></span> <span class='ocrx_word' id='word_1_113' title='bbox 1531 1274 1628 1314; x_wconf 74' lang='lat' dir='ltr'><strong>Ab-</strong></span> 
     </span>
     <span class='ocr_line' id='line_1_21' title="bbox 732 1329 1625 1379; baseline 0 -11"><span class='ocrx_word' id='word_1_114' title='bbox 732 1329 869 1368; x_wconf 84' lang='lat' dir='ltr'><strong>domen</strong></span> <span class='ocrx_word' id='word_1_115' title='bbox 903 1331 1075 1371; x_wconf 81' lang='lat' dir='ltr'><strong>albidum</strong></span> <span class='ocrx_word' id='word_1_116' title='bbox 1105 1331 1271 1372; x_wconf 83' lang='lat' dir='ltr'><strong>maculis</strong></span> <span class='ocrx_word' id='word_1_117' title='bbox 1293 1330 1377 1371; x_wconf 87' lang='lat' dir='ltr'><strong>fere</strong></span> <span class='ocrx_word' id='word_1_118' title='bbox 1398 1340 1443 1370; x_wconf 88' lang='lat' dir='ltr'><strong>ut</strong></span> <span class='ocrx_word' id='word_1_119' title='bbox 1468 1330 1625 1379; x_wconf 82' lang='lat' dir='ltr'><strong>domes-</strong></span> 
     </span>
     <span class='ocr_line' id='line_1_22' title="bbox 729 1384 1626 1438; baseline 0 -15"><span class='ocrx_word' id='word_1_120' title='bbox 729 1385 849 1432; x_wconf 79' lang='lat' dir='ltr'><strong>ticae,</strong></span> <span class='ocrx_word' id='word_1_121' title='bbox 893 1385 961 1426; x_wconf 91' lang='lat' dir='ltr'><strong>sed</strong></span> <span class='ocrx_word' id='word_1_122' title='bbox 1002 1386 1258 1427; x_wconf 87' lang='lat' dir='ltr'><strong>dilutioribus</strong></span> <span class='ocrx_word' id='word_1_123' title='bbox 1302 1386 1340 1426; x_wconf 72' lang='grc' dir='ltr'><strong>ὅ(</strong></span> <span class='ocrx_word' id='word_1_124' title='bbox 1381 1386 1505 1438; x_wconf 81' lang='lat' dir='ltr'><strong>magis</strong></span> <span class='ocrx_word' id='word_1_125' title='bbox 1542 1384 1626 1423; x_wconf 86' lang='lat' dir='ltr'><strong>dis-</strong></span> 
     </span>
     <span class='ocr_line' id='line_1_23' title="bbox 730 1439 1627 1493; baseline 0.002 -15"><span class='ocrx_word' id='word_1_126' title='bbox 730 1439 879 1479; x_wconf 73' lang='lat' dir='ltr'><strong>tinffis.</strong></span> <span class='ocrx_word' id='word_1_127' title='bbox 923 1440 1085 1481; x_wconf 76' lang='lat' dir='ltr'><strong>Thorax</strong></span> <span class='ocrx_word' id='word_1_128' title='bbox 1137 1442 1284 1481; x_wconf 85' lang='lat' dir='ltr'><strong>lividus</strong></span> <span class='ocrx_word' id='word_1_129' title='bbox 1332 1440 1412 1480; x_wconf 87' lang='lat' dir='ltr'><strong>five</strong></span> <span class='ocrx_word' id='word_1_130' title='bbox 1457 1439 1627 1493; x_wconf 85' lang='lat' dir='ltr'><strong>griseus.</strong></span> 
     </span>
     <span class='ocr_line' id='line_1_24' title="bbox 734 1492 1498 1550; baseline 0.001 -17"><span class='ocrx_word' id='word_1_131' title='bbox 734 1492 861 1546; x_wconf 76' lang='lat' dir='ltr'><strong>Caput</strong></span> <span class='ocrx_word' id='word_1_132' title='bbox 890 1495 1004 1550; x_wconf 88' lang='lat' dir='ltr'><strong>supra</strong></span> <span class='ocrx_word' id='word_1_133' title='bbox 1031 1509 1189 1539; x_wconf 83' lang='lat' dir='ltr'><strong>canum.</strong></span> <span class='ocrx_word' id='word_1_134' title='bbox 1219 1495 1346 1536; x_wconf 82' lang='lat' dir='ltr'><strong>Faun.</strong></span> <span class='ocrx_word' id='word_1_135' title='bbox 1377 1496 1498 1549; x_wconf 83' lang='lat'><strong>1998.</strong></span> 
     </span>
    </p>
   </div>
   <div class='ocr_carea' id='block_1_4' title="bbox 374 1600 1628 2209">
    <p class='ocr_par' dir='ltr' id='par_1_9' title="bbox 374 1600 1624 1716">
     <span class='ocr_line' id='line_1_25' title="bbox 374 1600 1624 1661; baseline 0.003 -19"><span class='ocrx_word' id='word_1_136' title='bbox 374 1600 594 1661; x_wconf 70' lang='lat' dir='ltr'><strong>Angulata.</strong></span> <span class='ocrx_word' id='word_1_137' title='bbox 617 1601 657 1644; x_wconf 88' lang='lat'><strong>8.</strong></span> <span class='ocrx_word' id='word_1_138' title='bbox 688 1603 743 1644; x_wconf 90' lang='lat' dir='ltr'><strong>A.</strong></span> <span class='ocrx_word' id='word_1_139' title='bbox 775 1607 792 1655; x_wconf 96' lang='lat'>(</span> <span class='ocrx_word' id='word_1_140' title='bbox 818 1604 1051 1660; x_wconf 85' lang='lat' dir='ltr'><strong>l&#39;angulaire</strong></span> <span class='ocrx_word' id='word_1_141' title='bbox 1076 1608 1094 1657; x_wconf 89' lang='lat'>)</span> <span class='ocrx_word' id='word_1_142' title='bbox 1125 1606 1336 1646; x_wconf 79' lang='lat' dir='ltr'><strong>abdomine</strong></span> <span class='ocrx_word' id='word_1_143' title='bbox 1363 1613 1516 1657; x_wconf 76' lang='lat' dir='ltr'><strong>ovam,</strong></span> <span class='ocrx_word' id='word_1_144' title='bbox 1546 1617 1624 1646; x_wconf 85' lang='lat' dir='ltr'><strong>an·-</strong></span> 
     </span>
     <span class='ocr_line' id='line_1_26' title="bbox 730 1660 1596 1716; baseline 0.001 -17"><span class='ocrx_word' id='word_1_145' title='bbox 730 1660 811 1700; x_wconf 86' lang='lat' dir='ltr'><strong>tice</strong></span> <span class='ocrx_word' id='word_1_146' title='bbox 849 1660 1039 1702; x_wconf 78' lang='lat' dir='ltr'><strong>lateribus</strong></span> <span class='ocrx_word' id='word_1_147' title='bbox 1072 1661 1432 1716; x_wconf 83' lang='lat' dir='ltr'><strong>angulato-acuto.</strong></span> <span class='ocrx_word' id='word_1_148' title='bbox 1459 1662 1482 1686; x_wconf 57' lang='lat'><strong>*—</strong></span> <span class='ocrx_word' id='word_1_149' title='bbox 1583 1670 1596 1673; x_wconf 72' lang='grc'><strong>·’</strong></span> 
     </span>
    </p>

    <p class='ocr_par' dir='ltr' id='par_1_10' title="bbox 677 1711 999 1756">
     <span class='ocr_line' id='line_1_27' title="bbox 677 1711 999 1756; baseline 0.006 -3"><span class='ocrx_word' id='word_1_150' title='bbox 677 1711 735 1754; x_wconf 80' lang='lat' dir='ltr'><strong>It.</strong></span> <span class='ocrx_word' id='word_1_151' title='bbox 771 1713 880 1755; x_wconf 87' lang='lat' dir='ltr'><strong>Gotl.</strong></span> <span class='ocrx_word' id='word_1_152' title='bbox 905 1716 999 1756; x_wconf 85' lang='lat'><strong>216.</strong></span> 
     </span>
    </p>

    <p class='ocr_par' dir='ltr' id='par_1_11' title="bbox 682 1767 1350 1823">
     <span class='ocr_line' id='line_1_28' title="bbox 682 1767 1350 1823; baseline 0.003 -16"><span class='ocrx_word' id='word_1_153' title='bbox 682 1767 835 1808; x_wconf 82' lang='lat' dir='ltr'><strong>Clerck.</strong></span> <span class='ocrx_word' id='word_1_154' title='bbox 870 1784 986 1810; x_wconf 81' lang='lat' dir='ltr'><strong>aran.</strong></span> <span class='ocrx_word' id='word_1_155' title='bbox 1025 1782 1093 1810; x_wconf 85' lang='lat'><strong>22.</strong></span> <span class='ocrx_word' id='word_1_156' title='bbox 1123 1782 1154 1810; x_wconf 80' lang='lat' dir='ltr'><strong>t.</strong></span> <span class='ocrx_word' id='word_1_157' title='bbox 1181 1781 1219 1812; x_wconf 89' lang='lat'><strong>1.</strong></span> <span class='ocrx_word' id='word_1_158' title='bbox 1244 1771 1285 1823; x_wconf 78' lang='lat' dir='ltr'><strong>f.</strong></span> <span class='ocrx_word' id='word_1_159' title='bbox 1313 1779 1350 1810; x_wconf 86' lang='lat'><strong>1.</strong></span> 
     </span>
    </p>

    <p class='ocr_par' dir='ltr' id='par_1_12' title="bbox 677 1822 1628 1976">
     <span class='ocr_line' id='line_1_29' title="bbox 677 1822 1628 1874; baseline 0.003 -12"><span class='ocrx_word' id='word_1_160' title='bbox 677 1822 773 1863; x_wconf 84' lang='lat' dir='ltr'><strong>Fab.</strong></span> <span class='ocrx_word' id='word_1_161' title='bbox 802 1834 868 1866; x_wconf 80' lang='lat'><strong>20.</strong></span> <span class='ocrx_word' id='word_1_162' title='bbox 905 1825 1117 1866; x_wconf 81' lang='lat' dir='ltr'><strong>abdomine</strong></span> <span class='ocrx_word' id='word_1_163' title='bbox 1149 1835 1308 1874; x_wconf 82' lang='lat' dir='ltr'><strong>ovato,</strong></span> <span class='ocrx_word' id='word_1_164' title='bbox 1347 1825 1480 1864; x_wconf 84' lang='lat' dir='ltr'><strong>antice</strong></span> <span class='ocrx_word' id='word_1_165' title='bbox 1517 1823 1628 1865; x_wconf 83' lang='lat' dir='ltr'><strong>late-</strong></span> 
     </span>
     <span class='ocr_line' id='line_1_30' title="bbox 734 1879 1626 1934; baseline -0.001 -14"><span class='ocrx_word' id='word_1_166' title='bbox 734 1879 844 1920; x_wconf 85' lang='lat' dir='ltr'><strong>ribus</strong></span> <span class='ocrx_word' id='word_1_167' title='bbox 875 1880 1025 1934; x_wconf 79' lang='lat' dir='ltr'><strong>angulo</strong></span> <span class='ocrx_word' id='word_1_168' title='bbox 1067 1889 1222 1931; x_wconf 86' lang='lat' dir='ltr'><strong>acuto,</strong></span> <span class='ocrx_word' id='word_1_169' title='bbox 1267 1880 1446 1921; x_wconf 84' lang='lat' dir='ltr'><strong>thoracis</strong></span> <span class='ocrx_word' id='word_1_170' title='bbox 1481 1890 1626 1920; x_wconf 89' lang='lat' dir='ltr'><strong>centro</strong></span> 
     </span>
     <span class='ocr_line' id='line_1_31' title="bbox 735 1945 949 1976; baseline 0.005 -1"><span class='ocrx_word' id='word_1_171' title='bbox 735 1945 949 1976; x_wconf 79' lang='lat' dir='ltr'><strong>excavato.</strong></span> 
     </span>
    </p>

    <p class='ocr_par' dir='ltr' id='par_1_13' title="bbox 675 1988 1627 2154">
     <span class='ocr_line' id='line_1_32' title="bbox 675 1988 1625 2043; baseline 0 -13"><span class='ocrx_word' id='word_1_172' title='bbox 675 1988 742 2030; x_wconf 86' lang='lat' dir='ltr'><strong>De</strong></span> <span class='ocrx_word' id='word_1_173' title='bbox 794 1988 895 2029; x_wconf 85' lang='lat' dir='ltr'><strong>Geer</strong></span> <span class='ocrx_word' id='word_1_174' title='bbox 937 2002 1032 2030; x_wconf 78' lang='lat' dir='ltr'><strong>tom.</strong></span> <span class='ocrx_word' id='word_1_175' title='bbox 1054 2001 1095 2043; x_wconf 87' lang='lat'><strong>7.</strong></span> <span class='ocrx_word' id='word_1_176' title='bbox 1144 2008 1187 2043; x_wconf 81' lang='lat' dir='ltr'><strong>p.</strong></span> <span class='ocrx_word' id='word_1_177' title='bbox 1213 2001 1309 2035; x_wconf 78' lang='lat'><strong>221.</strong></span> <span class='ocrx_word' id='word_1_178' title='bbox 1352 2006 1392 2029; x_wconf 83' lang='lat' dir='ltr'><strong>n.</strong></span> <span class='ocrx_word' id='word_1_179' title='bbox 1410 2001 1450 2030; x_wconf 85' lang='lat'><strong>2.</strong></span> <span class='ocrx_word' id='word_1_180' title='bbox 1489 2001 1520 2029; x_wconf 83' lang='lat' dir='ltr'><strong>t.</strong></span> <span class='ocrx_word' id='word_1_181' title='bbox 1543 2000 1625 2031; x_wconf 81' lang='lat'><strong>12..</strong></span> 
     </span>
     <span class='ocr_line' id='line_1_33' title="bbox 726 2045 1627 2099; baseline 0 -16"><span class='ocrx_word' id='word_1_182' title='bbox 726 2046 768 2099; x_wconf 79' lang='lat' dir='ltr'><strong>f.</strong></span> <span class='ocrx_word' id='word_1_183' title='bbox 798 2055 849 2093; x_wconf 92' lang='lat'><strong>1,</strong></span> <span class='ocrx_word' id='word_1_184' title='bbox 901 2057 941 2085; x_wconf 80' lang='lat'><strong>2.</strong></span> <span class='ocrx_word' id='word_1_185' title='bbox 992 2048 1187 2096; x_wconf 84' lang='lat' dir='ltr'><strong>retiaria‚</strong></span> <span class='ocrx_word' id='word_1_186' title='bbox 1244 2045 1455 2090; x_wconf 81' lang='lat' dir='ltr'><strong>abdomine</strong></span> <span class='ocrx_word' id='word_1_187' title='bbox 1500 2054 1627 2084; x_wconf 84' lang='lat' dir='ltr'><strong>ovato</strong></span> 
     </span>
     <span class='ocr_line' id='line_1_34' title="bbox 733 2099 1623 2154; baseline 0 -14"><span class='ocrx_word' id='word_1_188' title='bbox 733 2102 880 2154; x_wconf 72' lang='lat' dir='ltr'><strong>nigro,</strong></span> <span class='ocrx_word' id='word_1_189' title='bbox 903 2101 1018 2153; x_wconf 86' lang='lat' dir='ltr'><strong>supra</strong></span> <span class='ocrx_word' id='word_1_190' title='bbox 1036 2101 1255 2142; x_wconf 86' lang='lat' dir='ltr'><strong>tuberculis</strong></span> <span class='ocrx_word' id='word_1_191' title='bbox 1276 2100 1428 2153; x_wconf 81' lang='lat' dir='ltr'><strong>magnis</strong></span> <span class='ocrx_word' id='word_1_192' title='bbox 1455 2099 1623 2140; x_wconf 82' lang='lat' dir='ltr'><strong>conicis.</strong></span> 
     </span>
    </p>

    <p class='ocr_par' dir='ltr' id='par_1_14' title="bbox 680 2155 1034 2209">
     <span class='ocr_line' id='line_1_35' title="bbox 680 2155 1034 2209; baseline 0.006 -15"><span class='ocrx_word' id='word_1_193' title='bbox 680 2155 823 2195; x_wconf 83' lang='lat' dir='ltr'><strong>Enum.</strong></span> <span class='ocrx_word' id='word_1_194' title='bbox 850 2170 890 2195; x_wconf 86' lang='lat' dir='ltr'><strong>n.</strong></span> <span class='ocrx_word' id='word_1_195' title='bbox 914 2165 1034 2209; x_wconf 85' lang='lat'><strong>1094.</strong></span> 
     </span>
    </p>
   </div>
   <div class='ocr_carea' id='block_1_5' title="bbox 329 2292 1632 2429">
    <p class='ocr_par' dir='ltr' id='par_1_15' title="bbox 329 2292 1632 2429">
     <span class='ocr_line' id='line_1_36' title="bbox 352 2292 1631 2342; baseline -0.004 -13"><span class='ocrx_word' id='word_1_196' title='bbox 352 2295 468 2335; x_wconf 67' lang='lat' dir='ltr'><strong>Penes-</strong></span> <span class='ocrx_word' id='word_1_197' title='bbox 489 2299 522 2329; x_wconf 83' lang='lat' dir='ltr'><strong>in</strong></span> <span class='ocrx_word' id='word_1_198' title='bbox 546 2299 671 2340; x_wconf 68' lang='lat' dir='ltr'><strong>pulpis,</strong></span> <span class='ocrx_word' id='word_1_199' title='bbox 693 2295 795 2329; x_wconf 76' lang='lat' dir='ltr'><strong>vulvae</strong></span> <span class='ocrx_word' id='word_1_200' title='bbox 818 2299 860 2328; x_wconf 79' lang='lat' dir='ltr'><strong>ad</strong></span> <span class='ocrx_word' id='word_1_201' title='bbox 882 2299 1007 2328; x_wconf 76' lang='lat' dir='ltr'><strong>axillas</strong></span> <span class='ocrx_word' id='word_1_202' title='bbox 1022 2319 1031 2335; x_wconf 88' lang='lat'>,</span> <span class='ocrx_word' id='word_1_203' title='bbox 1051 2297 1206 2337; x_wconf 73' lang='lat' dir='ltr'><strong>ancipitia</strong></span> <span class='ocrx_word' id='word_1_204' title='bbox 1234 2296 1386 2337; x_wconf 77' lang='lat' dir='ltr'><strong>conjugia</strong></span> <span class='ocrx_word' id='word_1_205' title='bbox 1400 2318 1410 2334; x_wconf 88' lang='lat'>‚</span> <span class='ocrx_word' id='word_1_206' title='bbox 1433 2294 1485 2325; x_wconf 82' lang='lat' dir='ltr'><strong>ubi</strong></span> <span class='ocrx_word' id='word_1_207' title='bbox 1501 2292 1631 2342; x_wconf 54' lang='lat' dir='ltr'><strong>repulsa</strong></span> 
     </span>
     <span class='ocr_line' id='line_1_37' title="bbox 329 2339 1632 2383; baseline -0.002 -11"><span class='ocrx_word' id='word_1_208' title='bbox 329 2345 335 2348; x_wconf 83' lang='grc'><strong><em>’</em></strong></span> <span class='ocrx_word' id='word_1_209' title='bbox 397 2342 428 2372; x_wconf 69' lang='grc' dir='ltr'>ἃ</span> <span class='ocrx_word' id='word_1_210' title='bbox 446 2351 576 2381; x_wconf 67' lang='lat' dir='ltr'><strong>peracta</strong></span> <span class='ocrx_word' id='word_1_211' title='bbox 594 2365 604 2382; x_wconf 90' lang='lat'><strong>,</strong></span> <span class='ocrx_word' id='word_1_212' title='bbox 627 2353 694 2373; x_wconf 85' lang='lat' dir='ltr'><strong>cum</strong></span> <span class='ocrx_word' id='word_1_213' title='bbox 723 2339 868 2383; x_wconf 80' lang='lat' dir='ltr'><strong>periculo</strong></span> <span class='ocrx_word' id='word_1_214' title='bbox 893 2342 968 2373; x_wconf 76' lang='lat' dir='ltr'><strong>vitoe</strong></span> <span class='ocrx_word' id='word_1_215' title='bbox 989 2339 1091 2377; x_wconf 80' lang='lat' dir='ltr'><strong>fiant.</strong></span> <span class='ocrx_word' id='word_1_216' title='bbox 1110 2340 1217 2383; x_wconf 74' lang='lat' dir='ltr'><strong>Paipis</strong></span> <span class='ocrx_word' id='word_1_217' title='bbox 1243 2347 1382 2374; x_wconf 65' lang='lat' dir='ltr'><strong>mamus</strong></span> <span class='ocrx_word' id='word_1_218' title='bbox 1399 2350 1498 2372; x_wconf 82' lang='lat' dir='ltr'><strong>mares</strong></span> <span class='ocrx_word' id='word_1_219' title='bbox 1521 2343 1603 2379; x_wconf 64' lang='lat' dir='ltr'><strong>,lunt</strong></span> <span class='ocrx_word' id='word_1_220' title='bbox 1619 2359 1632 2377; x_wconf 88' lang='lat'><em>,</em></span> 
     </span>
     <span class='ocr_line' id='line_1_38' title="bbox 338 2382 1125 2429; baseline -0.001 -10"><span class='ocrx_word' id='word_1_221' title='bbox 338 2406 363 2410; x_wconf 94' lang='lat'><strong>--</strong></span> <span class='ocrx_word' id='word_1_222' title='bbox 396 2387 543 2429; x_wconf 64' lang='lat' dir='ltr'><strong>adeoquo</strong></span> <span class='ocrx_word' id='word_1_223' title='bbox 553 2385 679 2429; x_wconf 69' lang='lat' dir='ltr'><strong>sexus,</strong></span> <span class='ocrx_word' id='word_1_224' title='bbox 709 2397 764 2420; x_wconf 74' lang='lat' dir='ltr'><strong>nec</strong></span> <span class='ocrx_word' id='word_1_225' title='bbox 778 2384 900 2429; x_wconf 68' lang='lat' dir='ltr'><strong>speciei</strong></span> <span class='ocrx_word' id='word_1_226' title='bbox 922 2382 1125 2429; x_wconf 69' lang='lat' dir='ltr'><strong>differentia:-</strong></span> 
     </span>
    </p>
   </div>
  </div>
 </body>
</html>
