1704 2620
294 108 1057 181 ,urusna-oexorff-ns.curenno?
1171 152 1176 156 .
1218 109 1311 164 283.

51 436 267 493 ¹1‹„'asci:÷1tu,';.
297 437 390 493 r88.

73 821 281 872 Fasciola-
304 821 396 876 189.

45 884 122 928 tus.

81 1529 268 1583 §pinifen
300 1540 395 1584 190.

89 1637 270 1694 Aurifer.
303 1649 396 1695 191.

428 220 709 270 holosericea,
751 220 850 262 striis
890 232 1038 262 novem
1082 219 1303 273 punctatis,

428 275 554 328 spatio
576 278 681 322 inter
706 275 813 316 strias
845 275 1053 328 interjecto
1084 276 1270 327 punctam
1291 303 1306 324 ,

426 330 652 377 alternatim
682 332 799 384 nigro
832 329 1018 384 fuscoque
1055 329 1271 370 maculato.

421 440 471 480 C.
502 439 616 490 Defi.
639 441 763 494 Supra
777 442 973 482 cinereus.
990 438 1116 492 Caput
1133 441 1305 494 nigrum.

428 493 593 535 Thorax
626 495 761 538 scaber
778 526 792 546 ,
821 497 1021 552 nigricans
1039 525 1052 544 ,
1087 494 1307 535 lateraliter

428 550 624 598 cinereus.
668 551 814 603 Elytra
867 551 1132 603 nigricantia‚
1180 547 1309 589 fasciis

428 605 579 645 duabus
616 606 841 650 transversis
873 605 1042 660 griseis,
1067 616 1146 644 una
1177 603 1310 644 nebu-

430 658 513 700 losa
553 659 656 700 ultra
687 661 858 710 medium
903 660 1054 714 elytri‚
1099 660 1227 700 altera
1266 659 1310 698 in

429 724 545 768 parte
569 715 734 768 postica.
949 719 952 721 ’

425 822 473 861 C.
525 821 642 872 Deft.
690 822 1080 865 Albido-cinereus.
1135 824 1310 875 Rostrum

422 876 580 925 breve,
628 878 877 927 carinarum,
918 878 1034 919 sulcis
1076 880 1124 918 ad
1166 880 1312 919 carinae

426 941 639 984 utrumque
684 931 787 972 latus
850 931 932 986 pilo
981 947 1031 974 ex
1080 933 1312 994 ferrugineo

427 986 599 1026 rubente
625 988 832 1029 comediis.
865 986 1029 1032 Thorax
1070 989 1269 1029 subfulcus
1297 1019 1311 1039 ‚

430 1043 481 1081 ad
500 1042 602 1080 latus
621 1051 827 1094 utrumque
854 1042 959 1084 linea
986 1057 1134 1093 curva,
1156 1045 1313 1094 albida,

431 1097 747 1149 longituclmali3
788 1097 863 1137 alia
895 1098 1013 1143 latior
1042 1099 1082 1137 in
1109 1101 1239 1139 medio
1271 1101 1314 1139 in

428 1151 602 1203 quinque
637 1152 811 1192 minores
848 1152 1043 1192 subdivisa
1079 1166 1150 1206 per
1186 1154 1313 1193 lineas

430 1214 515 1245 tres
532 1207 709 1246 elevatas
722 1236 734 1255 ‚
764 1220 926 1259 quarum
945 1208 1049 1247 acies
1067 1209 1185 1247 nuda.
1208 1209 1314 1248 Hinc

428 1258 534 1307 forte
574 1262 758 1301 invenire
793 1262 888 1302 licet
923 1262 1131 1302 individua
1169 1274 1325 1303 recens.

427 1314 611 1365 exclusa,
645 1330 732 1367 quae
761 1318 926 1356 mediam
952 1316 1057 1358 illam
1086 1317 1214 1357 striam
1242 1318 1312 1356 in-

428 1370 591 1422 divisam
618 1370 767 1410 habent
784 1400 796 1417 ,
824 1384 874 1411 eo
901 1373 1007 1423 quod
1026 1371 1094 1424 pili
1118 1372 1312 1413 linearum

427 1424 677 1465 elevatarum
703 1427 840 1465 detriti
859 1427 1034 1466 nondum
1057 1427 1143 1467 fint.
1166 1427 1311 1477 Enum-

424 1533 472 1572 C.
501 1533 592 1582 ΟΜΖ
616 1534 683 1575 An
697 1533 884 1578 'curculio
899 1517 1138 1586 verrucofizs.
1156 1536 1274 1577 Lintz.
1288 1535 1310 1576 ,⁷

429 1643 477 1682 C.
511 1641 627 1691 Defi.
661 1646 849 1699 Magnus.
875 1646 1003 1703 Niger
1020 1646 1182 1687 nitidus.
1205 1647 1311 1694 Ros-

427 1709 531 1736 trum
578 1699 713 1738 latum.
760 1698 921 1739 Thorax
970 1700 1119 1741 scaber.
1163 1701 1310 1755 Elytra

433 1753 683 1804 coadunata,
722 1754 834 1807 apice
873 1757 1125 1805 acuminata,
1157 1757 1311 1797 macula

428 1807 614 1859 utrinque
662 1821 780 1849 aurea
825 1809 1043 1850 lateraliter
1088 1812 1135 1851 ab
1172 1811 1313 1858 basin,

427 1865 606 1915 margine
632 1865 824 1903 exteriori
861 1873 1032 1914 aurat03
1063 1867 1183 1906 tertia
1208 1865 1311 1919 saepe

426 1916 578 1956 macula
607 1917 745 1958 lineari
773 1929 934 1968 aurata,
968 1920 1130 1973 oblique
1156 1920 1310 1974 posita,

426 1972 475 2009 ad
505 1980 657 2023 partem
686 1972 890 2025 posticam.
927 1974 1133 2015 Abdomen
1175 1975 1309 2016 subtus

426 2025 592 2077 squamis
624 2029 752 2068 aureis
780 2029 937 2069 testum.

229 2133 268 2185 S.
301 2143 391 2186 192.
423 2135 472 2174 C.
512 2134 626 2185 Defi.
664 2139 774 2177 Inter
816 2138 988 2188 majores
1028 2142 1306 2180 numerandus.

426 2190 555 2243 Niger
577 2190 701 2231 affinis
729 2206 837 2232 cure.
856 2194 1071 2244 &ipunfftzto
1101 2194 1158 2233 D.
1183 2193 1304 2246 Ceoffl

429 2243 557 2294 Caput
627 2247 851 2299 thoraxque
919 2248 1006 2300 pilis
1077 2249 1308 2289 flavicanti-

427 2299 563 2351 griseis
601 2301 772 2341 obtec‘ta.
817 2300 979 2354 Zlcarax
1020 2303 1124 2342 linea
1157 2303 1306 2343 flaves-

427 2354 534 2394 centi
570 2358 756 2408 utrinque
782 2357 823 2395 in
849 2367 960 2410 purte
988 2358 1132 2400 antica.
1153 2358 1302 2412 Elytra
