1704 2620
402 113 530 159 11-1-11
546 117 922 158 sun-rmum.
949 109 1099 164 sphex.·
1287 123 1365 170 551

668 219 817 279 Sphex.

182 329 384 387 Clavipes.
413 342 454 373 2.
487 332 527 376 S.
565 331 657 379 obs.
709 331 957 386 Synonymia
1000 329 1057 371 D.
1098 328 1193 368 Fab.
1242 329 1371 372 forsan

491 381 689 436 deiende,
730 387 879 440 speeies
913 386 1033 431 enim.
1068 383 1182 435 Defi.
1232 400 1271 424 n.
1302 396 1370 426 20.

494 441 650 487 diversa
679 442 856 483 videtur.

215 549 359 591 Gibba.
392 561 456 605 13.
486 552 527 592 S.
564 551 655 602 Obs.
674 555 836 597 Nomen
854 551 1013 597 triviale
1039 552 1291 600 mutandum,
1320 564 1373 592 ne

487 606 757 648 confundatur
811 622 898 649 cum
948 608 1031 661 sph.
1081 608 1198 658 gibba
1257 606 1374 648 Linn.

493 663 602 716 Lege
634 663 835 718 cingulata
853 693 867 712 ‚
901 662 936 702 le
970 662 1202 702 Mandarin.
1272 712 1277 719 ι

153 769 365 824 Clypeata·
397 781 463 826 34.
492 773 533 821 S.
566 772 713 815 Variac
745 772 873 816 fasciis
903 771 1030 814 tribus
1063 771 1283 812 abdominis
1312 771 1375 810 in-

489 825 679 877 terruptis
712 825 752 865 δι’
779 825 963 878 integris.

214 932 358 983 Gibba.
387 942 457 986 40.
487 933 528 976 S.
560 932 649 985 obfi
684 935 814 975 Nimis
842 933 968 976 affinis
1000 935 1084 989 sph.
1101 935 1241 988 fuscae.

107 1042 384 1101 4-Maculata.
417 1045 458 1086 S.
491 1044 572 1096 (le
613 1045 948 1097 quadrimaeule)
987 1045 1090 1084 hirta
1119 1046 1263 1097 nigra,
1301 1044 1370 1084 ab·

489 1100 648 1139 domine
682 1100 844 1139 maculis
876 1109 1046 1151 quatuor
1074 1098 1204 1140 fuscis.

429 1153 584 1207 Drury.
615 1155 686 1203 infi
725 1166 765 1194 2.
798 1165 830 1194 t.
856 1165 920 1207 39.
947 1155 990 1207 Γ.
1019 1165 1059 1193 2.

439 1209 624 1250 Vincent.
653 1210 818 1260 Petagn.
851 1225 890 1249 η.
920 1210 1011 1248 160.
1051 1241 1053 1243 .

428 1263 530 1304 Hah.
585 1266 625 1304 in
679 1266 863 1304 America
917 1264 1091 1304 Boreali.
1146 1267 1191 1304 In
1231 1261 1364 1302 mter.

488 1318 626 1360 Calah.
667 1321 850 1358 Vincent.
885 1319 1053 1370 Petagn.

428 1376 546 1426 Desc-
581 1375 707 1425 Caput
736 1375 774 1415 &
801 1375 941 1413 thorax
975 1384 1059 1414 atra
1081 1403 1094 1423 ‚
1121 1373 1209 1426 pilis
1230 1373 1364 1412 rario-

479 1431 588 1480 xibus
614 1430 733 1470 hirta.
765 1429 858 1468 Αἶα
891 1427 1034 1477 fuscae,
1068 1428 1255 1466 violaceo
1285 1438 1363 1465 co-

480 1486 567 1526 lore
613 1486 801 1524 nitentes.
852 1482 1059 1522 Abdomen
1102 1480 1320 1533 oblongum
1347 1509 1362 1528 ,

475 1540 682 1594 segmento
727 1539 902 1578 secundo
948 1539 1149 1588 tertioque
1198 1534 1363 1578 maculis

480 1594 632 1634 duabus
677 1594 826 1647 magnis
857 1623 869 1642 ‚
917 1591 1149 1633 orbiculatis
1175 1619 1189 1638 ‚
1231 1589 1359 1627 flavis.

478 1650 686 1703 Margines
722 1647 1011 1701 segmentorum
1042 1645 1182 1687 ciliati.

428 1704 518 1752 obs.
568 1715 603 1744 1.
652 1705 751 1742 Cum
798 1703 870 1742 hac
914 1702 1042 1754 specie
1077 1699 1268 1740 convenit
1299 1696 1357 1736 D.

478 1759 662 1799 Vimcent.
698 1758 866 1808 Petagn.
898 1757 1093 1810 specimen
1113 1785 1125 1804 ,
1164 1751 1358 1801 diversum

471 1823 627 1854 tantum
656 1813 895 1853 macularum
936 1812 1075 1852 colore
1116 1809 1181 1861 qui
1220 1808 1260 1846 in
1289 1806 1360 1844 suo

474 1868 602 1908 flavus
640 1867 709 1909 est.

425 1921 517 1973 Obs.
560 1936 599 1965 2.
647 1927 708 1963 Ex
749 1922 916 1962 Maffilia
960 1921 1077 1962 nobis
1111 1915 1249 1966 miffa,
1294 1913 1359 1954 sed

475 1980 634 2020 exotica
665 1977 748 2019 visa
780 1977 870 2018 fui-t.
904 1980 958 2019 V.

133 2087 405 2136 29·Maculata.
438 2089 476 2129 S.
509 2092 526 2139 (
554 2088 591 2129 le
618 2087 844 2138 bimacule)
876 2088 980 2128 hirta
1010 2095 1115 2131 atra,
1144 2079 1351 2139 abdomine

477 2143 638 2184 maculis
664 2143 814 2184 duabus
843 2143 961 2183 luteis
979 2173 991 2192 ,
1019 2140 1199 2181 antennis
1225 2134 1353 2172 flaws·

423 2198 607 2238 Vincent.
639 2199 805 2248 Pecagn.
843 2215 883 2238 η.
916 2198 1006 2238 161.

412 2252 512 2294 Hah.
541 2254 582 2293 in
613 2255 799 2294 America
837 2253 993 2293 Boreali
1023 2250 1085 2289 M.
1117 2245 1174 2285 D.
1204 2240 1349 2283 Yeats.

471 2311 514 2348 In
550 2308 679 2349 Ulter.
717 2307 874 2348 Calabr.

417 2362 532 2413 Dese.
577 2363 777 2403 Antennae
815 2361 967 2406 ssavae,
1007 2360 1134 2412 primo
1176 2359 1344 2400 articulo
