1704 2620
308 137 820 180 lmus-rnmxonns.
849 135 1033 178 Cicada.¹
1205 135 1282 192 381

418 250 547 290 πρᾶος
592 247 732 288 festum
755 275 767 294 ‚
798 247 834 288 &
875 246 1008 287 carina
1040 244 1082 285 in
1113 245 1243 286 medio
1270 261 1286 296 ς

419 304 539 344 lineae
563 302 748 343 laterales
776 300 1004 342 transversae
1029 298 1169 348 nullae3
1198 309 1291 340 ante

420 357 536 399 rostri
561 357 775 410 apophysm
796 355 910 396 fascia
936 355 1038 396 flava
1054 385 1066 405 ‚
1093 353 1171 407 ipsa
1189 366 1295 406 apo-

420 411 533 465 physi
590 410 681 451 rufo
699 438 722 444 -
742 410 847 451 fusca
907 409 1031 450 rostro
1093 410 1254 450 cinereo
1281 436 1298 455 ,

418 468 533 518 apice
568 466 697 520 nigro.
718 464 876 505 Thorax
900 463 1165 513 breviffimus‚
1193 463 1298 503 albi-

422 522 524 566 dus,
562 520 601 560 in
634 521 764 560 medio
801 519 992 572 punilulis
1023 518 1176 558 duobus
1207 530 1299 557 ma-

422 574 583 627 jusculis
613 575 830 615 excavatis.
857 573 1001 626 Elytra
1041 572 1207 613 obscure
1236 573 1302 612 ci·-

425 642 549 669 nerea
569 657 581 674 ‚
606 629 684 669 basi
710 628 903 680 fasciaque
926 627 1035 677 alba3
1060 627 1127 667 sed
1160 627 1302 676 fascia,

424 694 641 735 antequam
679 685 718 722 in
743 683 894 736 singulo
920 682 1054 735 elytro
1086 683 1304 736 marginem

424 739 659 777 interiorem
686 738 884 789 attingat,
919 735 1100 774 nonnihil
1137 738 1185 775 de
1212 750 1307 776 can-

427 793 529 830 dore
561 791 720 829 amittit.
758 790 889 841 Regio
924 790 1028 827 inter
1071 789 1175 828 basin
1220 789 1307 829 fas-

427 845 609 894 ciumque
642 844 780 882 dictam
806 845 950 896 nigra,
988 841 1185 895 fasciaque
1222 844 1308 896 post

429 897 557 936 albam
583 897 696 952 nigra
722 895 934 951 angustior.
965 895 1059 936 Αἶα»
1084 897 1201 939 valde
1236 897 1304 942 fu.-

429 951 622 1006 liginosae.

48 1063 294 1121 'Quadrima-
324 1060 392 1114 64.
422 1062 470 1101 C.
502 1063 554 1101 D.
592 1058 699 1112 Defh.
737 1060 863 1102 Color
895 1062 1021 1102 totius
1061 1061 1312 1115 flavescens,·

82 1121 228 1162 calata.
437 1116 503 1157 seu
536 1115 921 1172 ssavo-ferrugineus
936 1147 948 1166 ‚
974 1127 1118 1170 praeter
1140 1118 1312 1159 maculas

434 1171 584 1211 albidas
628 1172 668 1211 in
722 1171 862 1226 elytris
886 1200 899 1217 ,
948 1172 1089 1212 oculos
1134 1174 1269 1225 nigros
1296 1202 1310 1223 ‚

436 1227 654 1279 puneiaque
681 1227 760 1266 duo
785 1228 934 1266 minuta
959 1228 1072 1280 nigra
1094 1228 1134 1266 in
1160 1225 1311 1268 fronte.

437 1283 535 1320 Non
557 1280 610 1320 est
630 1289 760 1321 tamen
787 1282 920 1321 cicada
932 1282 1063 1332 populi
1092 1283 1207 1323 Linn.
1224 1295 1313 1323 cum

436 1347 513 1388 qua
545 1336 701 1387 quidem
729 1334 893 1375 multum
918 1337 1127 1377 convenit.

59 1445 322 1490 Hemorrhoa.
350 1443 418 1500 67.
449 1445 496 1485 C.
526 1446 579 1483 D.
609 1443 721 1494 Desc.
750 1445 860 1497 Saepe
884 1444 1036 1483 macula
1061 1446 1178 1486 unica
1206 1446 1316 1488 fulva

441 1501 482 1538 in
514 1499 646 1538 medio
686 1498 892 1546 thoracis,
936 1499 1164 1551 plerumque
1198 1503 1316 1548 duae,

441 1553 535 1592 hinc
577 1565 653 1591 una
704 1553 796 1593 inde
841 1553 979 1593 altera.
1022 1556 1318 1606 Nonnunquam

446 1620 523 1646 una
550 1607 589 1645 in
621 1608 781 1654 medio,
816 1606 881 1647 sed
918 1608 1090 1646 thoracis
1129 1609 1320 1650 lateribus

444 1661 756 1702 rubescentibus.
825 1663 935 1713 Saepe
981 1662 1109 1713 elytra
1168 1665 1321 1715 apicem

441 1715 579 1756 versus
616 1715 977 1766 testudineo-rufa,
1013 1717 1173 1757 subinde
1205 1720 1319 1770 apice

443 1770 585 1824 elytris
615 1770 831 1810 concolore
853 1801 866 1819 ,
893 1770 1028 1822 saepius
1059 1780 1210 1811 tanturn
1241 1773 1322 1813 tes-

447 1834 564 1886 taceq
594 1825 804 1866 maculato.
842 1827 997 1865 Caerera
1023 1837 1146 1865 totum
1179 1827 1322 1868 animal

445 1890 684 1920 aterrimum.

148 1992 331 2034 Lineata.
360 1990 409 2031 C.
442 1990 459 2040 (
482 1988 520 2028 la
538 1989 721 2041 rongee)
744 1988 908 2042 pallida,
932 1990 1061 2043 capite
1080 1990 1323 2048 thoraceque

448 2045 562 2097 nigro
589 2045 780 2094 puncstatis
800 2073 811 2092 ‚
839 2044 978 2097 elytris
1006 2045 1175 2087 linearis.

394 2098 492 2138 Hah.
522 2098 874 2138 Hales-Saxonum.
900 2098 954 2139 D.
976 2099 1145 2152 Hybner.

393 2153 507 2203 Περ.
545 2153 703 2192 Statura
749 2154 912 2192 omnino
960 2155 1033 2194 cic.
1081 2156 1320 2208 interruptae.

454 2208 579 2257 Caput
607 2207 645 2248 ὅ(
670 2207 812 2255 thorax
850 2207 1019 2260 pallida,
1062 2211 1208 2260 punc‘h’s
1233 2215 1328 2264 plu..

452 2262 560 2302 rimis
602 2261 734 2314 sparsis
780 2262 916 2314 nigris.
955 2263 1098 2314 Elytra
1141 2266 1284 2316 pallida
1312 2299 1328 2318 ,

454 2316 569 2356 lineis
610 2318 719 2356 varie
767 2316 1138 2356 anastomosantibus
1190 2322 1328 2373 nigris.

457 2371 581 2413 Pedes
610 2370 770 2424 pallidi,
798 2371 1014 2423 femoribus
1049 2370 1165 2412 fascia
1203 2378 1332 2431 nigra.
