1704 2620
273 120 351 172 548
488 122 1003 161 ILLVSTRATIONES.
1033 117 1311 173 Myrmeleonss

582 232 622 269 N

652 232 683 268 E
717 230 752 268 U
781 229 818 266 R
848 228 885 266 Ο
914 228 946 266 P
976 228 1012 266 T
1041 230 1073 267 E
1104 230 1142 267 R
1173 227 1226 268 A.

793 334 1009 378 Libellula.

299 451 503 508 Depressa.
539 457 573 500 5.
602 450 647 487 L.
682 446 773 497 Obs.
801 445 934 487 Larva
961 426 1015 488 *in
1057 448 1179 489 humo
1213 447 1420 502 spongiosa
1453 424 1556 489 fin-J

297 782 481 824 Grandis.
512 789 552 834 9.
582 781 629 819 L.

258 1878 556 1923 Libeliuloides.
589 1881 627 1919 1.

645 502 831 556 palpabili
887 503 1015 543 lutosa
1064 505 1213 558 degens
1266 504 1490 558 tardigrada
1519 534 1532 553 ,

644 573 708 598 ore
726 557 877 597 bivalvi
891 588 902 606 ‚
923 557 1052 598 valvis
1067 558 1355 599 virescentibus
1368 589 1380 608 ,
1404 558 1532 599 rostro

641 612 792 653 inflexo
825 611 1031 653 maxilloso
1048 643 1061 662 ‚
1095 614 1297 652 abdomine
1334 613 1498 667 trigono
1519 643 1531 663 ‚

635 670 775 719 fithtus
789 667 1036 726 fulvescente
1048 669 1231 720 ‚pedibus
1244 667 1401 708 ciliatis.
1415 668 1537 720 Scop‹

667 777 758 827 Obs'.
810 778 996 831 Quisquis
1046 779 1113 817 sua
1158 777 1368 829 specimina
1414 778 1531 819 aliter

639 832 827 881 describit
865 833 903 872 ἃ
946 832 1121 883 qualibet
1170 833 1289 872 ic-one
1336 833 1531 887 singulare

642 889 758 942 quid,
779 900 854 926 nec
874 888 1030 927 caeteris
1056 887 1260 940 proprium
1279 887 1530 928 observatur.

640 943 844 984 Interdum
910 941 1026 980 larva
1094 943 1231 981 eadem
1268 971 1281 991 ,
1346 942 1533 983 nascendi

638 1008 794 1048 tempus
820 997 925 1035 idem
957 1009 1113 1047 unaque
1149 996 1299 1047 semper
1327 998 1364 1036 ὅ(
1391 999 1530 1038 eadem

636 1052 850 1105 proportio
881 1051 1064 1102 partium.
1107 1051 1314 1102 Specimen
1355 1051 1528 1091 nostrum

637 1107 774 1147 exat-”te
797 1105 1041 1144 denuncians
1065 1105 1277 1157 descriptio
1298 1105 1403 1144 nulia
1423 1106 1530 1145 huc-

637 1161 760 1213 usque
814 1162 904 1199 data
940 1190 952 1209 ,
1013 1173 1101 1200 cum
1155 1169 1287 1199 tamen
1338 1161 1528 1200 abdomen

639 1225 755 1270 gerat
790 1224 1040 1255 attenuatum
1066 1229 1116 1254 ex
1146 1214 1229 1253 Iato
1256 1215 1451 1268 principio
1487 1227 1531 1256 ut

638 1274 687 1311 L.
709 1270 1045 1324 quadrimaculata
1062 1301 1074 1319 ‚
1098 1269 1303 1309 thoracem
1328 1270 1532 1311 abdomini

640 1325 901 1367 concoiorem
919 1325 1209 1377 hirsutumque,
1227 1334 1270 1363 ut
1289 1328 1328 1363 L.
1341 1327 1503 1376 grandis
1515 1356 1529 1376 ‚

640 1380 889 1432 maculasque
916 1379 1039 1420 flavas
1072 1378 1366 1428 afflominaies,
1406 1390 1450 1419 ut
1480 1384 1526 1421 L.

633 1436 870 1488 forcipata5
899 1436 1004 1474 unde
1019 1448 1095 1489 ego
1113 1434 1203 1474 sane
1221 1435 1354 1488 judico
1377 1435 1530 1489 species

640 1489 788 1542 spurias
829 1491 870 1529 in
920 1489 998 1529 hoc
1043 1503 1190 1543 genere
1239 1489 1305 1529 vel
1350 1490 1527 1530 admiffas

639 1544 783 1591 fnisse,
823 1543 891 1584 vel'
928 1557 1062 1585 earum
1101 1544 1299 1584 historiam
1331 1546 1379 1584 de
1414 1558 1525 1585 novo

637 1599 906 1640 inchoandam
924 1628 938 1647 ‚
965 1613 1054 1640 cum
1090 1599 1323 1639 differentiae
1355 1613 1376 1639 a
1404 1600 1525 1641 colo-

636 1655 745 1696 ribus
771 1656 908 1710 petitae
933 1667 1017 1695 non
1050 1653 1257 1696 sufficiant.
1287 1654 1403 1706 Scop.

766 1765 1032 1821 Myrmeleon.

659 1873 722 1918 M.
760 1876 851 1928 Obs.
888 1876 1035 1917 Nostra
1069 1876 1280 1931 specimina
1312 1879 1449 1919 Brutia
1476 1881 1527 1920 ad'

636 1933 803 1987 figuram
831 1932 886 1972 D.
914 1934 959 1972 de
994 1931 1108 1972 Geer.
1138 1930 1176 1973 ἃ
1214 1935 1527 1988 magnitudinem

635 1987 774 2042 figurae
792 1987 848 2027 D.
860 1987 889 2026 S
892 1988 1018 2040 ulzers
1039 1997 1197 2041 aequant
1209 2019 1221 2037 ‚
1237 1990 1376 2029 colore
1393 2000 1528 2030 autem

639 2042 794 2082 diversa
829 2042 947 2093 sunt3
976 2056 1064 2082 nam
1095 2044 1170 2083 αἶρε
1207 2044 1380 2097 hyalinae
1406 2046 1529 2098 nigro·

637 2099 835 2151 puniiatae
871 2098 908 2137 ὅ(
938 2098 1163 2143 maculataer
1204 2099 1306 2138 sunt.
1373 2098 1524 2149 Corpus

636 2152 820 2206 nigrum,
851 2151 1037 2191 hirsutum
1076 2163 1208 2192 totum
1227 2184 1239 2203 ,
1281 2155 1403 2193 cauda
1433 2153 1524 2192 for-

638 2209 803 2260 cipata,
842 2209 947 2246 unde
979 2207 1047 2246 nis1
1092 2220 1237 2247 novam
1282 2207 1524 2248 constituent

635 2261 804 2317 spe-ciem
825 2292 838 2309 ,
874 2274 946 2314 pro
985 2261 1122 2314 insigni
1159 2262 1295 2302 saitem
1326 2264 1523 2303 varietate

637 2316 832 2356 habenda.
864 2316 920 2355 D.
958 2317 1127 2355 Vincent
1158 2317 1324 2368 Petagtz.
1354 2318 1521 2372 speciem

640 2371 772 2413 infeci.
804 2371 935 2412 Ulter.
967 2371 1125 2413 Calabr.
1153 2388 1195 2413 n.
1221 2383 1312 2426 149.
