1704 2620
386 137 465 189 318

616 140 956 181 ILLUSTRATJ
972 148 1132 180 omns.
1162 140 1414 193 Pyrochroa.

704 248 980 303 Pyrochroam
1008 247 1064 289 D.
1098 248 1221 302 Geoffl
1243 263 1327 291 non
1356 251 1510 293 citavit.
1528 251 1646 294 Lina.

704 303 943 357 Pyrochroa
982 304 1039 344 D.
1068 302 1193 358 Geoffi
1225 304 1414 360 lampyris
1455 309 1647 348 coccinea

759 358 859 412 Sysi.
893 360 997 412 apud
1031 359 1088 399 D.
1128 359 1228 400 Fab.

708 442 975 455 .......
1007 414 1209 456 cantharis
1234 415 1510 466 pedinicornis
1548 416 1645 457 teste

757 468 819 510 D.
851 469 897 508 de
926 468 1041 510 Geer.

701 532 705 537 ’
705 553 979 567 .......
1006 525 1155 577 species
1188 528 1347 580 propria
1382 525 1450 566 sub
1483 528 1647 568 nomine

755 579 997 634 pyrochroae
1019 581 1193 631 fiztrapae
1218 582 1259 621 in
1282 586 1421 622 Enum.

704 634 795 687 obs.
818 646 853 676 Ι.
892 639 936 675 In
959 635 1192 675 cantharide
1213 637 1459 687 pedinicorni
1496 649 1638 688 caput,

753 705 891 742 corpus
909 690 1160 741 &scutellum
1189 691 1302 744 nigra
1320 721 1332 741 ‚
1357 693 1395 730 in
1412 693 1643 744 pyrochroa

752 746 811 786 D.
857 745 980 799 Geoffi
1019 747 1179 800 ignita,
1218 759 1301 786 non
1342 747 1644 801 eademffigitur

754 799 915 842 inseeta.

697 854 794 907 >obst
823 866 865 896 2.
916 857 961 896 In
1009 855 1179 896 secunda
1227 856 1408 907 Mantiffi
1435 859 1484 897 ad
1512 870 1646 911 pyro-

751 911 898 952 chroas
938 910 1063 951 relata
1108 910 1183 951 fuit
1231 912 1431 952 cantharis
1473 913 1644 963 peffini-

751 967 881 1006 cornis
910 965 1026 1005 Linn.
1066 965 1194 1018 maj0r
1232 969 1278 1005 L.
1319 968 1509 1007 coccinea.
1542 967 1646 1006 An—

749 1033 881 1061 tennae
899 1022 1024 1075 nigrae
1044 1020 1162 1061 valde
1180 1023 1388 1073 pestinatae
1415 1031 1482 1061 aut
1504 1023 1643 1075 potius

749 1076 979 1116 flabellatae.
1016 1074 1141 1126 Caput
1170 1087 1312 1116 atrum.
1331 1075 1370 1114 T
1369 1077 1492 1115 Izorax
1523 1076 1643 1117 testa-

748 1143 845 1172 ceus
857 1161 870 1180 ,
888 1129 1042 1170 macula
1056 1130 1187 1170 media
1204 1140 1305 1171 atra.
1323 1130 1468 1184 Elytra
1481 1131 1618 1185 glabra
1630 1160 1647 1181 ,

750 1185 924 1226 testacea
944 1216 957 1235 ‚
985 1185 1250 1227 immaculata.
1282 1184 1434 1236 Corpus
1462 1195 1606 1226 atrum.

693 1242 792 1292 obs.
817 1252 855 1294 3.
892 1240 1104 1280 Cantharis
1126 1241 1397 1293 peffinicornz's
1430 1240 1547 1282 Lina.
1568 1240 1645 1280 sta-

748 1308 840 1338 tura
872 1295 1060 1349 lampyris
1090 1297 1347 1347 fiznguineae‚·
1379 1309 1478 1350 ergo
1513 1297 1643 1336 minor

746 1353 867 1405 lamp.
887 1352 1063 1391 coccinea
1084 1352 1122 1392 ὃ(
1139 1364 1222 1391 non
1241 1350 1381 1404 major.
1404 1351 1642 1405 Pyrochroa

748 1419 774 1461 3
819 1419 939 1447 novae
986 1405 1183 1457 Mantiffoe
1222 1407 1383 1447 videtur
1429 1406 1641 1459 pyrochoa

741 1474 979 1515 purpurata.
1009 1460 1065 1502 D.
1094 1462 1289 1501 Schramlc.
1319 1464 1361 1501 In
1381 1461 1509 1500 Gallia
1526 1460 1641 1501 Aust.

748 1527 918 1569 utraque
937 1516 1087 1569 species
1104 1516 1439 1569 descriptionique
1465 1515 1639 1569 ejusdem

748 1571 1028 1624 Entomologis
1055 1569 1288 1612 conformis.

691 1631 791 1683 Pyr.
809 1637 1037 1679 purpuratae
1067 1627 1166 1676 desc.
1185 1626 1466 1667 Color-inseffi
1483 1626 1642 1667 aterri-

749 1696 848 1724 mus.
873 1681 998 1733 Caput
1020 1684 1242 1723 cordatum.
1271 1682 1433 1722 Labium
1462 1680 1640 1734 superius

744 1751 962 1792 magnum,
1013 1737 1169 1789 reliquo
1210 1738 1341 1790 capite
1377 1737 1586 1790 depressius
1615 1750 1630 1786 ;

745 1794 890 1834 labium
906 1791 1072 1833 inferius
1090 1793 1252 1832 dimidio
1270 1792 1431 1832 brevius
1448 1822 1462 1841 ‚
1486 1804 1637 1845 corpo-

743 1849 853 1889 ribus
885 1848 1070 1893 duobus,
1108 1860 1195 1899 quae
1235 1848 1345 1898 palpi
1389 1845 1600 1887 inferiores
1621 1876 1638 1896 ,

744 1903 1053 1944 membranaceis
1072 1900 1188 1942 fuscis
1208 1932 1220 1951 ‚
1244 1903 1357 1955 apice
1377 1900 1633 1942 denticulatis

741 1957 947 2011 instrusta3
966 1957 1075 2009 palpi
1091 1957 1315 2009 superiores
1332 1958 1430 2007 atri,
1456 1965 1631 2005 teretes,

743 2013 858 2066 apice
881 2012 1002 2052 rubri.
1024 2010 1212 2052 Maxilla·
1229 2021 1322 2052 ante
1340 2011 1493 2065 apicem
1511 2010 1631 2051 fascia

743 2069 952 2109 coccinea.
981 2066 1184 2108 Antennae
1226 2068 1462 2121 peffinatae‚
1493 2068 1631 2106 decem

742 2123 967 2165 articulatae
986 2137 994 2162 ε
1016 2122 1205 2163 articulus
1221 2124 1367 2176 primus
1379 2123 1416 2163 ὃ(
1435 2122 1630 2162 secundus

743 2180 814 2232 qui
839 2180 959 2219 etiam
985 2178 1147 2230 reliquis
1194 2178 1386 2224 brevior,
1424 2175 1632 2217 cuneifor-

743 2247 859 2284 mes,
885 2234 1027 2273 tertius
1062 2235 1183 2273 dente
1218 2234 1378 2273 modico
1424 2233 1465 2272 in
1503 2231 1630 2271 latere

744 2289 952 2336 interiori,
971 2289 1214 2341 reliquorum
1233 2288 1416 2328 dentibus
1441 2286 1629 2327 succffive
1667 2289 1673 2295 '

745 2344 961 2397 majoribus
979 2374 991 2393 ‚
1032 2343 1198 2397 septimo
1215 2372 1228 2390 ,
1270 2344 1415 2385 octavo
1432 2373 1446 2392 ,
1484 2354 1594 2382 nono
1610 2368 1627 2387 ‚

744 2401 902 2443 decimo
942 2412 1091 2442 ramum
1124 2399 1287 2452 longum
1322 2396 1624 2446 emittentibus;
