1704 2620
273 123 328 166 16

535 129 778 168 INSECTA
805 123 1058 165 AP‘rERA.
1089 121 1271 164 Termes·

596 238 714 288 Defh.
772 235 884 275 Oculi
929 233 1040 276 fusci.
1087 233 1236 283 Corpus
1290 227 1536 281 oblongum,

654 292 776 348 agile.
833 289 1034 330 Antennae
1084 289 1225 328 albidae
1244 316 1256 335 ‚
1314 284 1505 336 porrestae
1527 311 1541 331 ‚

657 346 827 388 articulo
861 345 1002 386 ultimo
1031 344 1155 385 setula
1190 341 1419 381 terminato.

603 404 695 453 012st
728 412 766 442 1.
811 404 900 441 Hoc
941 401 980 441 ὅ(
1025 400 1132 453 prius
1177 396 1360 437 insenum
1403 393 1455 432 ob
1498 407 1544 430 ος

655 456 901 499 maxillosum
928 455 1006 494 huc
1032 453 1169 494 retulit
1207 451 1260 490 D.
1296 450 1442 498 Scop.‚·
1479 447 1546 486 sed

656 512 844 553 observat
855 509 910 549 D.
924 509 1114 549 Schrank.
1134 506 1375 546 differentias
1398 505 1444 542 ab
1465 501 1546 540 oris

660 566 951 617 oculorumque
998 563 1138 604 c-olore
1187 561 1345 600 sumtas'
1378 561 1415 598 in
1467 557 1545 595 hoc

658 636 808 678 genere
834 620 933 661 nihil
959 619 1160 659 decidere.
1199 617 1286 654 Hoc
1311 613 1438 665 posito
1460 641 1469 657 ,
1498 611 1548 650 ad

658 680 763 717 idem
790 689 915 730 genus
943 673 1075 714 forsan
1096 684 1179 712 non
1204 669 1467 723 pertinerent.
1494 668 1530 705 T
1535 686 1548 702 ι

663 731 896 785 supradid’ffi.
924 731 977 769 V.

609 787 700 838 obfi
728 798 767 827 2.
795 789 904 825 Inter
932 783 1081 836 species
1107 779 1224 833 hujus
1255 777 1414 832 generis
1438 785 1548 816 certe

658 843 879 883 mirandum
921 840 974 880 est
1020 848 1165 877 termes
1199 834 1388 884 capense,
1429 845 1449 870 a
1493 831 1547 870 D.

659 897 871 949 Sparman.
908 902 1094 935 accurate
1124 890 1376 941 descriptum.
1408 886 1552 926 Mori-

658 952 761 1002 bus,
797 949 980 991 industria
1011 944 1289 997 laboribusque
1320 942 1551 994 stupendum

658 1006 819 1048 animal.
849 1009 892 1046 In
919 1005 1068 1059 singula
1095 1001 1223 1054 specie
1243 1008 1389 1038 termes
1415 1010 1552 1046 opera-
1586 992 1590 1005 ”

658 1064 761 1104 rium
783 1092 797 1110 ,
832 1070 977 1102 termes
1009 1058 1149 1104 miles,
1180 1065 1325 1094 termes
1361 1051 1546 1097 alatum,

662 1131 745 1158 mas
786 1116 851 1156 vel
897 1115 1091 1162 foemina,
1138 1123 1224 1164 quae
1271 1121 1346 1147 nec
1392 1113 1550 1146 certant

662 1187 739 1213 nec
756 1172 955 1212 laborant.
984 1170 1146 1222 Voyage
1165 1180 1215 1204 au
1232 1163 1312 1214 Cap
1331 1163 1376 1202 de
1394 1162 1554 1201 Bonne-

664 1229 894 1280 Effie'rance.
937 1235 1033 1266 tom.
1059 1236 1101 1263 2.
1135 1235 1174 1275 p.
1205 1228 1295 1265 105.

608 1284 700 1334 Obs.
729 1293 767 1337 3.
810 1282 994 1322 Formica
1034 1279 1122 1318 alba
1156 1277 1242 1316 Ind.
1274 1276 1374 1314 Oce.
1410 1271 1554 1312 infesta

662 1352 686 1379 a
719 1338 774 1377 D.
804 1337 1010 1386 Adansbn.
1034 1341 1253 1374 memorata
1277 1329 1345 1369 sub
1373 1328 1451 1367 hoc
1475 1341 1555 1382 ge·-

662 1407 761 1436 nere
789 1393 1011 1433 ordinanda
1036 1404 1044 1428 :
1091 1389 1186 1428 Rien
1219 1401 1263 1424 ne
1300 1384 1380 1423 m'a
1411 1393 1554 1421 nutant

657 1451 805 1504 frappe'
841 1463 912 1501 que
959 1444 1151 1484 certaines
1197 1441 1445 1485 eminences,
1489 1438 1556 1490 qui
1592 1473 1596 1482 s

661 1520 740 1559 par
783 1503 865 1542 leur
904 1502 1068 1541 hauteur
1112 1499 1143 1536 Gr
1184 1497 1267 1535 leur
1309 1493 1553 1545 re'gularite',

664 1574 725 1599 me
750 1569 942 1610 pararent
967 1557 1012 1594 de
1044 1554 1126 1593 loin
1163 1567 1215 1591 un
1252 1548 1479 1600 affemblage
1510 1548 1555 1586 de

667 1616 800 1654 buttes
837 1614 882 1652 de
914 1611 1068 1661 Negres
1102 1609 1134 1646 ἃ
1172 1606 1237 1660 qui
1271 1604 1460 1644 n'e'toient
1485 1617 1557 1656 que

670 1672 728 1709 les
755 1669 844 1707 nids
877 1668 922 1705 de
952 1664 1124 1704 certains
1159 1660 1349 1710 insbHes;
1390 1673 1429 1696 ce
1462 1659 1558 1707 fimt

669 1725 737 1764 des
754 1721 988 1776 pyramides
1007 1718 1149 1758 rondes
1164 1745 1178 1763 ,
1213 1715 1258 1753 de
1294 1713 1316 1752 8
1337 1715 1360 1751 ὰ
1386 1713 1558 1763 Iopieds

668 1781 714 1819 de
742 1780 864 1825 haut,
889 1777 959 1826 fitr
987 1789 1060 1814 une
1087 1772 1171 1821 base
1194 1771 1217 1808 ὰ
1239 1784 1312 1821 peu
1329 1768 1420 1818 pres
1447 1768 1492 1806 de
1516 1768 1557 1805 la

668 1836 788 1875 ιηέηιε
808 1832 1017 1883 dimenfion
1039 1859 1054 1877 ‚
1075 1841 1168 1867 avec
1184 1839 1255 1864 une
1267 1825 1424 1875 sitrfczce
1441 1824 1555 1869 unic,

672 1891 717 1928 de
765 1889 804 1927 la
849 1887 1048 1928 meilleure
1093 1880 1252 1933 argine.
1296 1881 1468 1932 Voyage
1510 1891 1558 1918 an

675 1944 862 1998 Senegal.

1282 2450 1461 2490 GENUS
1493 2451 1563 2491 1V.
