<?xml version="1.0" encoding="UTF-8"?>
<!DOCTYPE html PUBLIC "-//W3C//DTD XHTML 1.0 Transitional//EN"
    "http://www.w3.org/TR/xhtml1/DTD/xhtml1-transitional.dtd">
<html xmlns="http://www.w3.org/1999/xhtml" xml:lang="en" lang="en">
 <head>
  <title>
</title>
<meta http-equiv="Content-Type" content="text/html;charset=utf-8" />
  <meta name='ocr-system' content='tesseract 3.04.00' />
  <meta name='ocr-capabilities' content='ocr_page ocr_carea ocr_par ocr_line ocrx_word'/>
</head>
<body>
  <div class='ocr_page' id='page_1' title='image "./carolilinnient04linn_0151.png"; bbox 0 0 1704 2620; ppageno 0'>
   <div class='ocr_carea' id='block_1_1' title="bbox 348 88 1342 149">
    <p class='ocr_par' dir='ltr' id='par_1_1' title="bbox 348 88 1342 149">
     <span class='ocr_line' id='line_1_1' title="bbox 348 88 1342 149; baseline 0.004 -19"><span class='ocrx_word' id='word_1_1' title='bbox 348 90 593 130; x_wconf 65' lang='lat' dir='ltr'>[usne-tn</span> <span class='ocrx_word' id='word_1_2' title='bbox 624 88 876 131; x_wconf 74' lang='lat' dir='ltr'>APTERA.</span> <span class='ocrx_word' id='word_1_3' title='bbox 906 90 1078 136; x_wconf 84' lang='lat' dir='ltr'>Cancer.</span> <span class='ocrx_word' id='word_1_4' title='bbox 1267 103 1342 149; x_wconf 77' lang='lat'>145</span> 
     </span>
    </p>
   </div>
   <div class='ocr_carea' id='block_1_2' title="bbox 414 199 1366 626">
    <p class='ocr_par' dir='ltr' id='par_1_2' title="bbox 461 199 1344 295">
     <span class='ocr_line' id='line_1_2' title="bbox 461 199 1344 250; baseline 0.003 -10"><span class='ocrx_word' id='word_1_5' title='bbox 461 199 672 240; x_wconf 74' lang='lat' dir='ltr'>tuberculis</span> <span class='ocrx_word' id='word_1_6' title='bbox 705 200 843 240; x_wconf 74' lang='lat' dir='ltr'>variis.</span> <span class='ocrx_word' id='word_1_7' title='bbox 876 200 1025 241; x_wconf 86' lang='lat' dir='ltr'>Manus</span> <span class='ocrx_word' id='word_1_8' title='bbox 1051 200 1200 250; x_wconf 76' lang='lat' dir='ltr'>laves,</span> <span class='ocrx_word' id='word_1_9' title='bbox 1241 214 1344 244; x_wconf 81' lang='lat' dir='ltr'>retro</span> 
     </span>
     <span class='ocr_line' id='line_1_3' title="bbox 463 256 657 295; baseline 0 0"><span class='ocrx_word' id='word_1_10' title='bbox 463 256 657 295; x_wconf 79' lang='lat' dir='ltr'><em>bidentes.</em></span> 
     </span>
    </p>

    <p class='ocr_par' dir='ltr' id='par_1_3' title="bbox 414 309 1366 626">
     <span class='ocr_line' id='line_1_4' title="bbox 414 309 1350 366; baseline 0.005 -17"><span class='ocrx_word' id='word_1_11' title='bbox 414 309 507 361; x_wconf 78' lang='lat' dir='ltr'>obs.</span> <span class='ocrx_word' id='word_1_12' title='bbox 537 311 784 350; x_wconf 89' lang='lat' dir='ltr'>Cancrorum</span> <span class='ocrx_word' id='word_1_13' title='bbox 799 310 1010 351; x_wconf 78' lang='lat' dir='ltr'>divisiones</span> <span class='ocrx_word' id='word_1_14' title='bbox 1031 311 1071 351; x_wconf 89' lang='lat' dir='ltr'>in</span> <span class='ocrx_word' id='word_1_15' title='bbox 1096 310 1350 366; x_wconf 81' lang='lat' dir='ltr'>brachyuros</span> 
     </span>
     <span class='ocr_line' id='line_1_5' title="bbox 463 364 1351 418; baseline 0.003 -14"><span class='ocrx_word' id='word_1_16' title='bbox 463 364 631 405; x_wconf 84' lang='lat' dir='ltr'>thorace</span> <span class='ocrx_word' id='word_1_17' title='bbox 673 364 783 418; x_wconf 92' lang='lat' dir='ltr'>supra</span> <span class='ocrx_word' id='word_1_18' title='bbox 816 365 971 418; x_wconf 87' lang='lat' dir='ltr'>spinoso</span> <span class='ocrx_word' id='word_1_19' title='bbox 994 395 1005 411; x_wconf 88' lang='lat'><strong>,</strong></span> <span class='ocrx_word' id='word_1_20' title='bbox 1039 366 1206 407; x_wconf 85' lang='lat' dir='ltr'>thorace</span> <span class='ocrx_word' id='word_1_21' title='bbox 1243 369 1351 407; x_wconf 88' lang='lat' dir='ltr'>inae-</span> 
     </span>
     <span class='ocr_line' id='line_1_6' title="bbox 465 420 1366 476; baseline 0.003 -17"><span class='ocrx_word' id='word_1_22' title='bbox 465 420 574 472; x_wconf 90' lang='lat' dir='ltr'>quali</span> <span class='ocrx_word' id='word_1_23' title='bbox 601 432 682 459; x_wconf 91' lang='lat' dir='ltr'>non</span> <span class='ocrx_word' id='word_1_24' title='bbox 710 420 859 460; x_wconf 80' lang='lat' dir='ltr'>admisit</span> <span class='ocrx_word' id='word_1_25' title='bbox 876 420 931 459; x_wconf 89' lang='lat' dir='ltr'>D.</span> <span class='ocrx_word' id='word_1_26' title='bbox 948 420 1043 460; x_wconf 86' lang='lat' dir='ltr'>Fab.</span> <span class='ocrx_word' id='word_1_27' title='bbox 1063 434 1200 461; x_wconf 87' lang='lat' dir='ltr'>omnes</span> <span class='ocrx_word' id='word_1_28' title='bbox 1228 423 1366 476; x_wconf 33' lang='lat' dir='ltr'>igitur(</span> 
     </span>
     <span class='ocr_line' id='line_1_7' title="bbox 466 474 1350 525; baseline 0.005 -12"><span class='ocrx_word' id='word_1_29' title='bbox 466 474 542 514; x_wconf 84' lang='lat' dir='ltr'>hos</span> <span class='ocrx_word' id='word_1_30' title='bbox 592 487 760 515; x_wconf 88' lang='lat' dir='ltr'>cancros</span> <span class='ocrx_word' id='word_1_31' title='bbox 806 475 921 525; x_wconf 77' lang='lat' dir='ltr'>hujus</span> <span class='ocrx_word' id='word_1_32' title='bbox 970 475 1098 516; x_wconf 85' lang='lat' dir='ltr'><strong>celeb.</strong></span> <span class='ocrx_word' id='word_1_33' title='bbox 1149 478 1350 517; x_wconf 80' lang='lat' dir='ltr'>Entomo-</span> 
     </span>
     <span class='ocr_line' id='line_1_8' title="bbox 465 528 1352 586; baseline 0.007 -18"><span class='ocrx_word' id='word_1_34' title='bbox 465 528 550 583; x_wconf 88' lang='lat' dir='ltr'>logi</span> <span class='ocrx_word' id='word_1_35' title='bbox 576 529 659 581; x_wconf 88' lang='lat' dir='ltr'>post</span> <span class='ocrx_word' id='word_1_36' title='bbox 682 530 955 582; x_wconf 81' lang='lat' dir='ltr'>divisionem4</span> <span class='ocrx_word' id='word_1_37' title='bbox 988 531 1027 571; x_wconf 88' lang='lat'>&amp;</span> <span class='ocrx_word' id='word_1_38' title='bbox 1056 532 1235 585; x_wconf 87' lang='lat' dir='ltr'>quintam</span> <span class='ocrx_word' id='word_1_39' title='bbox 1251 531 1352 586; x_wconf 75' lang='lat' dir='ltr'>Syft.</span> 
     </span>
     <span class='ocr_line' id='line_1_9' title="bbox 467 586 727 626; baseline 0.008 -2"><span class='ocrx_word' id='word_1_40' title='bbox 467 586 647 625; x_wconf 78' lang='lat' dir='ltr'>odinavi.</span> <span class='ocrx_word' id='word_1_41' title='bbox 675 587 727 626; x_wconf 90' lang='lat' dir='ltr'>V.</span> 
     </span>
    </p>
   </div>
   <div class='ocr_carea' id='block_1_3' title="bbox 285 694 1152 748">
    <p class='ocr_par' dir='ltr' id='par_1_4' title="bbox 285 694 1152 748">
     <span class='ocr_line' id='line_1_10' title="bbox 285 694 1152 748; baseline 0 -11"><span class='ocrx_word' id='word_1_42' title='bbox 285 696 372 737; x_wconf 65' lang='lat' dir='ltr'>*d*</span> <span class='ocrx_word' id='word_1_43' title='bbox 403 694 628 748; x_wconf 75' lang='lat' dir='ltr'>Brachyuri</span> <span class='ocrx_word' id='word_1_44' title='bbox 656 695 818 736; x_wconf 77' lang='lat' dir='ltr'><em>thorace</em></span> <span class='ocrx_word' id='word_1_45' title='bbox 839 696 961 746; x_wconf 72' lang='lat' dir='ltr'>ficpra</span> <span class='ocrx_word' id='word_1_46' title='bbox 981 697 1152 746; x_wconf 59' lang='lat' dir='ltr'>spinosi».</span> 
     </span>
    </p>
   </div>
   <div class='ocr_carea' id='block_1_4' title="bbox 112 801 1359 1830">
    <p class='ocr_par' dir='ltr' id='par_1_5' title="bbox 112 801 1356 966">
     <span class='ocr_line' id='line_1_11' title="bbox 112 801 1353 857; baseline 0.002 -10"><span class='ocrx_word' id='word_1_47' title='bbox 112 806 317 847; x_wconf 83' lang='lat' dir='ltr'>Dodecos.</span> <span class='ocrx_word' id='word_1_48' title='bbox 337 804 405 845; x_wconf 84' lang='lat'>26.</span> <span class='ocrx_word' id='word_1_49' title='bbox 436 805 484 844; x_wconf 84' lang='lat' dir='ltr'>C.</span> <span class='ocrx_word' id='word_1_50' title='bbox 517 805 535 853; x_wconf 92' lang='lat'>(</span> <span class='ocrx_word' id='word_1_51' title='bbox 553 802 591 843; x_wconf 92' lang='lat' dir='ltr'>le</span> <span class='ocrx_word' id='word_1_52' title='bbox 615 801 879 852; x_wconf 87' lang='lat' dir='ltr'>formidable)</span> <span class='ocrx_word' id='word_1_53' title='bbox 896 802 1167 857; x_wconf 77' lang='lat' dir='ltr'>brachyuru5‚</span> <span class='ocrx_word' id='word_1_54' title='bbox 1184 806 1353 850; x_wconf 81' lang='lat' dir='ltr'>thorace</span> 
     </span>
     <span class='ocr_line' id='line_1_12' title="bbox 464 856 1356 912; baseline 0.008 -16"><span class='ocrx_word' id='word_1_55' title='bbox 464 856 737 911; x_wconf 84' lang='lat' dir='ltr'>pubescente,</span> <span class='ocrx_word' id='word_1_56' title='bbox 775 857 895 910; x_wconf 84' lang='lat' dir='ltr'>spinis</span> <span class='ocrx_word' id='word_1_57' title='bbox 935 860 1181 912; x_wconf 86' lang='lat' dir='ltr'>duodecim,</span> <span class='ocrx_word' id='word_1_58' title='bbox 1226 862 1356 904; x_wconf 86' lang='lat' dir='ltr'>rostro</span> 
     </span>
     <span class='ocr_line' id='line_1_13' title="bbox 469 912 906 966; baseline -0.002 -13"><span class='ocrx_word' id='word_1_59' title='bbox 469 912 608 953; x_wconf 87' lang='lat' dir='ltr'>bifido.</span> <span class='ocrx_word' id='word_1_60' title='bbox 635 923 666 951; x_wconf 90' lang='lat' dir='ltr'>t.</span> <span class='ocrx_word' id='word_1_61' title='bbox 691 922 755 953; x_wconf 86' lang='lat'>11.</span> <span class='ocrx_word' id='word_1_62' title='bbox 774 914 814 966; x_wconf 84' lang='lat' dir='ltr'>f.</span> <span class='ocrx_word' id='word_1_63' title='bbox 843 923 906 952; x_wconf 84' lang='lat'>12.</span> 
     </span>
    </p>

    <p class='ocr_par' dir='ltr' id='par_1_6' title="bbox 410 967 1357 1131">
     <span class='ocr_line' id='line_1_14' title="bbox 410 967 1357 1021; baseline 0.004 -12"><span class='ocrx_word' id='word_1_64' title='bbox 410 969 505 1009; x_wconf 86' lang='lat' dir='ltr'>Fab.</span> <span class='ocrx_word' id='word_1_65' title='bbox 518 967 588 1019; x_wconf 82' lang='lat'>46.</span> <span class='ocrx_word' id='word_1_66' title='bbox 605 967 771 1007; x_wconf 84' lang='lat' dir='ltr'>thorace</span> <span class='ocrx_word' id='word_1_67' title='bbox 786 967 971 1008; x_wconf 87' lang='lat' dir='ltr'>aculeato</span> <span class='ocrx_word' id='word_1_68' title='bbox 987 971 1173 1021; x_wconf 66' lang='lat' dir='ltr'>porresto</span> <span class='ocrx_word' id='word_1_69' title='bbox 1189 972 1357 1012; x_wconf 91' lang='lat' dir='ltr'>adscen-</span> 
     </span>
     <span class='ocr_line' id='line_1_15' title="bbox 467 1022 1356 1079; baseline 0.004 -15"><span class='ocrx_word' id='word_1_70' title='bbox 467 1025 622 1071; x_wconf 90' lang='lat' dir='ltr'>dente,</span> <span class='ocrx_word' id='word_1_71' title='bbox 663 1022 791 1062; x_wconf 87' lang='lat' dir='ltr'>rostro</span> <span class='ocrx_word' id='word_1_72' title='bbox 833 1032 953 1064; x_wconf 88' lang='lat' dir='ltr'>acuto</span> <span class='ocrx_word' id='word_1_73' title='bbox 994 1024 1118 1066; x_wconf 87' lang='lat' dir='ltr'>bifido</span> <span class='ocrx_word' id='word_1_74' title='bbox 1140 1055 1153 1077; x_wconf 91' lang='lat'>‚</span> <span class='ocrx_word' id='word_1_75' title='bbox 1188 1028 1356 1079; x_wconf 80' lang='lat' dir='ltr'>pedibus</span> 
     </span>
     <span class='ocr_line' id='line_1_16' title="bbox 468 1077 736 1131; baseline -0.011 -13"><span class='ocrx_word' id='word_1_76' title='bbox 468 1077 701 1131; x_wconf 73' lang='lat' dir='ltr'>longissimis</span> <span class='ocrx_word' id='word_1_77' title='bbox 720 1080 736 1116; x_wconf 75' lang='lat' dir='ltr'>&#39;e</span> 
     </span>
    </p>

    <p class='ocr_par' dir='ltr' id='par_1_7' title="bbox 412 1131 806 1184">
     <span class='ocr_line' id='line_1_17' title="bbox 412 1131 806 1184; baseline -0.003 -11"><span class='ocrx_word' id='word_1_78' title='bbox 412 1133 512 1173; x_wconf 83' lang='lat' dir='ltr'>Hah.</span> <span class='ocrx_word' id='word_1_79' title='bbox 537 1133 576 1172; x_wconf 87' lang='lat' dir='ltr'>in</span> <span class='ocrx_word' id='word_1_80' title='bbox 604 1131 806 1184; x_wconf 83' lang='lat' dir='ltr'>Hispania.</span> 
     </span>
    </p>

    <p class='ocr_par' dir='ltr' id='par_1_8' title="bbox 408 1189 1359 1830">
     <span class='ocr_line' id='line_1_18' title="bbox 408 1189 1359 1239; baseline 0.006 -11"><span class='ocrx_word' id='word_1_81' title='bbox 408 1189 577 1228; x_wconf 86' lang='lat' dir='ltr'>Thorax</span> <span class='ocrx_word' id='word_1_82' title='bbox 611 1189 875 1235; x_wconf 78' lang='lat' dir='ltr'>rotundatas,</span> <span class='ocrx_word' id='word_1_83' title='bbox 924 1189 1121 1230; x_wconf 73' lang='lat' dir='ltr'>obovatus</span> <span class='ocrx_word' id='word_1_84' title='bbox 1138 1221 1152 1239; x_wconf 93' lang='lat'><em>,</em></span> <span class='ocrx_word' id='word_1_85' title='bbox 1199 1194 1359 1234; x_wconf 52' lang='lat' dir='ltr'>ammi-⁴</span> 
     </span>
     <span class='ocr_line' id='line_1_19' title="bbox 463 1244 1356 1297; baseline 0.008 -16"><span class='ocrx_word' id='word_1_86' title='bbox 463 1255 610 1290; x_wconf 80' lang='lat' dir='ltr'>natus,</span> <span class='ocrx_word' id='word_1_87' title='bbox 639 1257 781 1293; x_wconf 81' lang='lat' dir='ltr'>parum</span> <span class='ocrx_word' id='word_1_88' title='bbox 812 1244 1020 1293; x_wconf 79' lang='lat' dir='ltr'>pubescens</span> <span class='ocrx_word' id='word_1_89' title='bbox 1039 1275 1052 1294; x_wconf 86' lang='lat'><strong>,</strong></span> <span class='ocrx_word' id='word_1_90' title='bbox 1084 1249 1356 1297; x_wconf 75' lang='lat' dir='ltr'>magnitudine</span> 
     </span>
     <span class='ocr_line' id='line_1_20' title="bbox 463 1297 1357 1352; baseline 0.007 -15"><span class='ocrx_word' id='word_1_91' title='bbox 463 1298 589 1352; x_wconf 80' lang='lat' dir='ltr'>grylli</span> <span class='ocrx_word' id='word_1_92' title='bbox 624 1297 842 1338; x_wconf 83' lang='lat' dir='ltr'>domestici.</span> <span class='ocrx_word' id='word_1_93' title='bbox 885 1298 1007 1350; x_wconf 76' lang='lat' dir='ltr'>Spina</span> <span class='ocrx_word' id='word_1_94' title='bbox 1042 1311 1061 1338; x_wconf 92' lang='lat'>1</span> <span class='ocrx_word' id='word_1_95' title='bbox 1108 1302 1226 1341; x_wconf 59' lang='lat' dir='ltr'>erecTa</span> <span class='ocrx_word' id='word_1_96' title='bbox 1245 1332 1260 1349; x_wconf 86' lang='lat'><em>,</em></span> <span class='ocrx_word' id='word_1_97' title='bbox 1303 1303 1357 1343; x_wconf 76' lang='lat' dir='ltr'>ad</span> 
     </span>
     <span class='ocr_line' id='line_1_21' title="bbox 460 1352 1356 1411; baseline 0.007 -20"><span class='ocrx_word' id='word_1_98' title='bbox 460 1354 726 1406; x_wconf 78' lang='lat' dir='ltr'>basin,·spina</span> <span class='ocrx_word' id='word_1_99' title='bbox 749 1364 766 1392; x_wconf 93' lang='lat'>1</span> <span class='ocrx_word' id='word_1_100' title='bbox 786 1352 906 1392; x_wconf 58' lang='lat' dir='ltr'>ereda</span> <span class='ocrx_word' id='word_1_101' title='bbox 930 1354 968 1392; x_wconf 89' lang='lat' dir='ltr'>in</span> <span class='ocrx_word' id='word_1_102' title='bbox 999 1355 1121 1394; x_wconf 78' lang='lat' dir='ltr'>medio</span> <span class='ocrx_word' id='word_1_103' title='bbox 1138 1372 1155 1407; x_wconf 86' lang='lat'>‚·</span> <span class='ocrx_word' id='word_1_104' title='bbox 1182 1358 1306 1407; x_wconf 72' lang='lat' dir='ltr'>spinae</span> <span class='ocrx_word' id='word_1_105' title='bbox 1327 1370 1356 1411; x_wconf 86' lang='lat'><strong>4</strong></span> 
     </span>
     <span class='ocr_line' id='line_1_22' title="bbox 464 1407 1354 1462; baseline 0.006 -15"><span class='ocrx_word' id='word_1_106' title='bbox 464 1407 643 1457; x_wconf 74' lang='lat' dir='ltr'>obfhletoe</span> <span class='ocrx_word' id='word_1_107' title='bbox 688 1409 740 1446; x_wconf 85' lang='lat' dir='ltr'>ad</span> <span class='ocrx_word' id='word_1_108' title='bbox 774 1419 976 1462; x_wconf 80' lang='lat' dir='ltr'>utrumque</span> <span class='ocrx_word' id='word_1_109' title='bbox 1025 1411 1158 1462; x_wconf 79' lang='lat' dir='ltr'>latus,·</span> <span class='ocrx_word' id='word_1_110' title='bbox 1190 1413 1304 1462; x_wconf 68' lang='lat' dir='ltr'>spina</span> <span class='ocrx_word' id='word_1_111' title='bbox 1331 1424 1354 1453; x_wconf 85' lang='lat'>1</span> 
     </span>
     <span class='ocr_line' id='line_1_23' title="bbox 468 1463 1355 1514; baseline 0.006 -13"><span class='ocrx_word' id='word_1_112' title='bbox 468 1464 600 1502; x_wconf 76' lang='lat' dir='ltr'>brevis</span> <span class='ocrx_word' id='word_1_113' title='bbox 627 1463 680 1500; x_wconf 82' lang='lat' dir='ltr'>ad</span> <span class='ocrx_word' id='word_1_114' title='bbox 711 1464 940 1514; x_wconf 83' lang='lat' dir='ltr'>marginem.</span> <span class='ocrx_word' id='word_1_115' title='bbox 972 1466 1155 1506; x_wconf 78' lang='lat' dir='ltr'>Rostrum</span> <span class='ocrx_word' id='word_1_116' title='bbox 1172 1479 1355 1506; x_wconf 78' lang='lat' dir='ltr'>attenua-</span> 
     </span>
     <span class='ocr_line' id='line_1_24' title="bbox 466 1515 1354 1566; baseline 0.009 -12"><span class='ocrx_word' id='word_1_117' title='bbox 466 1528 550 1555; x_wconf 78' lang='lat' dir='ltr'>tum</span> <span class='ocrx_word' id='word_1_118' title='bbox 583 1546 598 1564; x_wconf 91' lang='lat'><em>,</em></span> <span class='ocrx_word' id='word_1_119' title='bbox 652 1515 809 1565; x_wconf 82' lang='lat' dir='ltr'>bifidum</span> <span class='ocrx_word' id='word_1_120' title='bbox 838 1547 852 1564; x_wconf 90' lang='lat'><em>‚</em></span> <span class='ocrx_word' id='word_1_121' title='bbox 887 1519 1183 1566; x_wconf 76' lang='lat' dir='ltr'>subconnivens.</span> <span class='ocrx_word' id='word_1_122' title='bbox 1231 1522 1354 1562; x_wconf 79' lang='lat' dir='ltr'>Oculi</span> 
     </span>
     <span class='ocr_line' id='line_1_25' title="bbox 467 1571 1353 1625; baseline 0.008 -16"><span class='ocrx_word' id='word_1_123' title='bbox 467 1571 626 1620; x_wconf 78' lang='lat' dir='ltr'>exserti.</span> <span class='ocrx_word' id='word_1_124' title='bbox 658 1571 793 1610; x_wconf 86' lang='lat' dir='ltr'>Cauda</span> <span class='ocrx_word' id='word_1_125' title='bbox 817 1584 936 1611; x_wconf 74' lang='lat' dir='ltr'>ovata</span> <span class='ocrx_word' id='word_1_126' title='bbox 953 1602 966 1620; x_wconf 90' lang='lat'><em>,</em></span> <span class='ocrx_word' id='word_1_127' title='bbox 996 1574 1126 1623; x_wconf 72' lang='lat' dir='ltr'>obtusiz</span> <span class='ocrx_word' id='word_1_128' title='bbox 1145 1605 1158 1622; x_wconf 91' lang='lat'><em>,</em></span> <span class='ocrx_word' id='word_1_129' title='bbox 1188 1575 1353 1625; x_wconf 70' lang='lat' dir='ltr'>hir-sitta.</span> 
     </span>
     <span class='ocr_line' id='line_1_26' title="bbox 465 1624 1353 1682; baseline 0.007 -18"><span class='ocrx_word' id='word_1_130' title='bbox 465 1624 606 1665; x_wconf 87' lang='lat' dir='ltr'>Chelae</span> <span class='ocrx_word' id='word_1_131' title='bbox 630 1625 950 1678; x_wconf 72' lang='lat' dir='ltr'>ovato-oblonga·</span> <span class='ocrx_word' id='word_1_132' title='bbox 966 1657 980 1674; x_wconf 92' lang='lat'><em>,</em></span> <span class='ocrx_word' id='word_1_133' title='bbox 1009 1630 1187 1682; x_wconf 76' lang='lat' dir='ltr'>utrinque</span> <span class='ocrx_word' id='word_1_134' title='bbox 1214 1633 1353 1670; x_wconf 80' lang='lat' dir='ltr'>carina</span> 
     </span>
     <span class='ocr_line' id='line_1_27' title="bbox 467 1678 1353 1737; baseline 0.009 -19"><span class='ocrx_word' id='word_1_135' title='bbox 467 1681 629 1719; x_wconf 78' lang='lat' dir='ltr'>ciliatae.</span> <span class='ocrx_word' id='word_1_136' title='bbox 665 1678 812 1719; x_wconf 85' lang='lat' dir='ltr'>Differt</span> <span class='ocrx_word' id='word_1_137' title='bbox 852 1695 877 1718; x_wconf 86' lang='lat' dir='ltr'><em>a</em></span> <span class='ocrx_word' id='word_1_138' title='bbox 923 1681 967 1722; x_wconf 89' lang='lat' dir='ltr'>C.</span> <span class='ocrx_word' id='word_1_139' title='bbox 1008 1695 1156 1724; x_wconf 89' lang='lat' dir='ltr'>araneo</span> <span class='ocrx_word' id='word_1_140' title='bbox 1197 1700 1353 1737; x_wconf 82' lang='lat' dir='ltr'>corpore</span> 
     </span>
     <span class='ocr_line' id='line_1_28' title="bbox 463 1735 1350 1788; baseline 0.011 -16"><span class='ocrx_word' id='word_1_141' title='bbox 463 1750 539 1773; x_wconf 88' lang='lat' dir='ltr'>non</span> <span class='ocrx_word' id='word_1_142' title='bbox 581 1735 790 1773; x_wconf 81' lang='lat' dir='ltr'>obcordato</span> <span class='ocrx_word' id='word_1_143' title='bbox 836 1735 1026 1788; x_wconf 72' lang='lat' dir='ltr'>depreffi&#39;),</span> <span class='ocrx_word' id='word_1_144' title='bbox 1068 1740 1141 1788; x_wconf 76' lang='lat' dir='ltr'>sed</span> <span class='ocrx_word' id='word_1_145' title='bbox 1182 1742 1350 1782; x_wconf 75' lang='lat' dir='ltr'>obovato</span> 
     </span>
     <span class='ocr_line' id='line_1_29' title="bbox 465 1803 647 1830; baseline 0.011 -2"><span class='ocrx_word' id='word_1_146' title='bbox 465 1803 647 1830; x_wconf 78' lang='lat' dir='ltr'>convexo.</span> 
     </span>
    </p>
   </div>
   <div class='ocr_carea' id='block_1_5' title="bbox 105 1900 1353 2340">
    <p class='ocr_par' dir='ltr' id='par_1_9' title="bbox 105 1900 1353 2107">
     <span class='ocr_line' id='line_1_30' title="bbox 105 1900 1350 1958; baseline 0.006 -16"><span class='ocrx_word' id='word_1_147' title='bbox 105 1900 297 1943; x_wconf 67' lang='lat' dir='ltr'>Hastatus.</span> <span class='ocrx_word' id='word_1_148' title='bbox 326 1910 393 1953; x_wconf 83' lang='lat'>27.</span> <span class='ocrx_word' id='word_1_149' title='bbox 424 1901 472 1942; x_wconf 90' lang='lat' dir='ltr'>C.</span> <span class='ocrx_word' id='word_1_150' title='bbox 504 1904 522 1954; x_wconf 91' lang='lat'>(</span> <span class='ocrx_word' id='word_1_151' title='bbox 548 1900 586 1942; x_wconf 88' lang='lat' dir='ltr'>le</span> <span class='ocrx_word' id='word_1_152' title='bbox 616 1900 840 1952; x_wconf 88' lang='lat' dir='ltr'>militaire)</span> <span class='ocrx_word' id='word_1_153' title='bbox 871 1900 1148 1958; x_wconf 85' lang='lat' dir='ltr'>brachyurus,</span> <span class='ocrx_word' id='word_1_154' title='bbox 1180 1905 1350 1949; x_wconf 87' lang='lat' dir='ltr'>thorace</span> 
     </span>
     <span class='ocr_line' id='line_1_31' title="bbox 459 1956 1353 2013; baseline 0.01 -18"><span class='ocrx_word' id='word_1_155' title='bbox 459 1956 608 2010; x_wconf 88' lang='lat' dir='ltr'>rugoso</span> <span class='ocrx_word' id='word_1_156' title='bbox 639 1958 747 1996; x_wconf 91' lang='lat' dir='ltr'>nudo</span> <span class='ocrx_word' id='word_1_157' title='bbox 768 1986 780 2005; x_wconf 87' lang='lat'><strong>‚</strong></span> <span class='ocrx_word' id='word_1_158' title='bbox 807 1959 985 2012; x_wconf 87' lang='lat' dir='ltr'>margine</span> <span class='ocrx_word' id='word_1_159' title='bbox 1022 1962 1209 2013; x_wconf 84' lang='lat' dir='ltr'>utrinque</span> <span class='ocrx_word' id='word_1_160' title='bbox 1236 1965 1353 2003; x_wconf 66' lang='lat' dir='ltr'>ono-</span> 
     </span>
     <span class='ocr_line' id='line_1_32' title="bbox 461 2010 1353 2071; baseline 0.01 -21"><span class='ocrx_word' id='word_1_161' title='bbox 461 2013 629 2051; x_wconf 76' lang='lat' dir='ltr'>dentato</span> <span class='ocrx_word' id='word_1_162' title='bbox 647 2041 659 2061; x_wconf 91' lang='lat'>‚</span> <span class='ocrx_word' id='word_1_163' title='bbox 685 2010 835 2064; x_wconf 84' lang='lat' dir='ltr'>postico</span> <span class='ocrx_word' id='word_1_164' title='bbox 861 2015 1032 2054; x_wconf 85' lang='lat' dir='ltr'>maximo</span> <span class='ocrx_word' id='word_1_165' title='bbox 1048 2043 1062 2061; x_wconf 90' lang='lat'><em>,</em></span> <span class='ocrx_word' id='word_1_166' title='bbox 1095 2015 1221 2068; x_wconf 83' lang='lat' dir='ltr'>planis</span> <span class='ocrx_word' id='word_1_167' title='bbox 1250 2018 1353 2071; x_wconf 86' lang='lat' dir='ltr'>pos-</span> 
     </span>
     <span class='ocr_line' id='line_1_33' title="bbox 460 2076 722 2107; baseline 0 -1"><span class='ocrx_word' id='word_1_168' title='bbox 460 2076 551 2107; x_wconf 81' lang='lat' dir='ltr'>ticis</span> <span class='ocrx_word' id='word_1_169' title='bbox 577 2076 722 2107; x_wconf 81' lang='lat' dir='ltr'>ovatis.</span> 
     </span>
    </p>

    <p class='ocr_par' dir='ltr' id='par_1_10' title="bbox 406 2122 1257 2166">
     <span class='ocr_line' id='line_1_34' title="bbox 406 2122 1257 2166; baseline 0.005 -4"><span class='ocrx_word' id='word_1_170' title='bbox 406 2122 505 2162; x_wconf 81' lang='lat' dir='ltr'>Hah.</span> <span class='ocrx_word' id='word_1_171' title='bbox 533 2123 573 2162; x_wconf 81' lang='lat' dir='ltr'>in</span> <span class='ocrx_word' id='word_1_172' title='bbox 608 2124 725 2162; x_wconf 88' lang='lat' dir='ltr'>Mare</span> <span class='ocrx_word' id='word_1_173' title='bbox 759 2123 985 2164; x_wconf 85' lang='lat' dir='ltr'>Adriatico.</span> <span class='ocrx_word' id='word_1_174' title='bbox 1020 2124 1077 2165; x_wconf 93' lang='lat' dir='ltr'>D.</span> <span class='ocrx_word' id='word_1_175' title='bbox 1111 2123 1257 2166; x_wconf 84' lang='lat' dir='ltr'>Wilke.</span> 
     </span>
    </p>

    <p class='ocr_par' dir='ltr' id='par_1_11' title="bbox 339 2176 1353 2287">
     <span class='ocr_line' id='line_1_35' title="bbox 407 2176 1353 2226; baseline 0.005 -9"><span class='ocrx_word' id='word_1_176' title='bbox 407 2177 522 2226; x_wconf 61' lang='lat' dir='ltr'>Dese.</span> <span class='ocrx_word' id='word_1_177' title='bbox 565 2176 716 2216; x_wconf 82' lang='lat' dir='ltr'><em>Palmoe</em></span> <span class='ocrx_word' id='word_1_178' title='bbox 758 2179 890 2219; x_wconf 87' lang='lat' dir='ltr'>antice</span> <span class='ocrx_word' id='word_1_179' title='bbox 935 2180 1163 2220; x_wconf 88' lang='lat' dir='ltr'>bidentatae.</span> <span class='ocrx_word' id='word_1_180' title='bbox 1218 2181 1353 2223; x_wconf 80' lang='lat' dir='ltr'>Clzelae</span> 
     </span>
     <span class='ocr_line' id='line_1_36' title="bbox 339 2232 686 2287; baseline -0.003 -15"><span class='ocrx_word' id='word_1_181' title='bbox 339 2259 342 2261; x_wconf 19' lang='grc' dir='ltr'><strong>Α</strong></span> <span class='ocrx_word' id='word_1_182' title='bbox 459 2232 686 2287; x_wconf 82' lang='lat' dir='ltr'>angustatae.</span> 
     </span>
    </p>

    <p class='ocr_par' dir='ltr' id='par_1_12' title="bbox 409 2286 1348 2340">
     <span class='ocr_line' id='line_1_37' title="bbox 409 2286 1348 2340; baseline 0.007 -14"><span class='ocrx_word' id='word_1_183' title='bbox 409 2287 498 2337; x_wconf 84' lang='lat' dir='ltr'>obs.</span> <span class='ocrx_word' id='word_1_184' title='bbox 542 2290 586 2327; x_wconf 92' lang='lat' dir='ltr'>In</span> <span class='ocrx_word' id='word_1_185' title='bbox 633 2286 737 2340; x_wconf 85' lang='lat' dir='ltr'>spec.</span> <span class='ocrx_word' id='word_1_186' title='bbox 776 2287 835 2328; x_wconf 90' lang='lat' dir='ltr'>D.</span> <span class='ocrx_word' id='word_1_187' title='bbox 893 2287 986 2329; x_wconf 77' lang='lat' dir='ltr'>Fab.</span> <span class='ocrx_word' id='word_1_188' title='bbox 1036 2303 1172 2331; x_wconf 87' lang='lat' dir='ltr'>cancr.</span> <span class='ocrx_word' id='word_1_189' title='bbox 1226 2294 1348 2332; x_wconf 78' lang='lat' dir='ltr'>etIam</span> 
     </span>
    </p>
   </div>
   <div class='ocr_carea' id='block_1_6' title="bbox 241 2343 1347 2446">
    <p class='ocr_par' dir='ltr' id='par_1_13' title="bbox 241 2343 1347 2446">
     <span class='ocr_line' id='line_1_38' title="bbox 460 2343 1347 2400; baseline 0.006 -18"><span class='ocrx_word' id='word_1_190' title='bbox 460 2343 629 2392; x_wconf 66' lang='lat' dir='ltr'>hastatus</span> <span class='ocrx_word' id='word_1_191' title='bbox 683 2345 882 2396; x_wconf 84' lang='lat' dir='ltr'>reperitur</span> <span class='ocrx_word' id='word_1_192' title='bbox 899 2371 913 2390; x_wconf 90' lang='lat'><em>,</em></span> <span class='ocrx_word' id='word_1_193' title='bbox 961 2343 1027 2383; x_wconf 92' lang='lat' dir='ltr'>sed</span> <span class='ocrx_word' id='word_1_194' title='bbox 1086 2355 1130 2384; x_wconf 89' lang='lat' dir='ltr'>ut</span> <span class='ocrx_word' id='word_1_195' title='bbox 1195 2349 1347 2400; x_wconf 84' lang='lat' dir='ltr'>optime</span> 
     </span>
     <span class='ocr_line' id='line_1_39' title="bbox 241 2395 1132 2446; baseline 0.009 -11"><span class='ocrx_word' id='word_1_196' title='bbox 241 2396 374 2446; x_wconf 65' lang='lat' dir='ltr'>Infic&#39;t&#39;.</span> <span class='ocrx_word' id='word_1_197' title='bbox 406 2395 552 2437; x_wconf 78' lang='lat' dir='ltr'>Tornus</span> <span class='ocrx_word' id='word_1_198' title='bbox 580 2396 670 2437; x_wconf 84' lang='lat' dir='ltr'>IV.</span> <span class='ocrx_word' id='word_1_199' title='bbox 1096 2402 1132 2443; x_wconf 74' lang='lat' dir='ltr'><strong>K</strong></span> 
     </span>
    </p>
   </div>
  </div>
 </body>
</html>
